=LDR  00923ngm a2200000i 4500
=001  JoVEMedicine55593
=008  161201s2016\\\\xx\\\\\g\\\\\\s\\\\\eng\d
=035  \\$a(OCoLC)733445860
=040  \\$aVaAlASP$cVaAlASP
=100  1\$aChachopoulos,Vasileios
=245  12$aA Technique for Subcutaneous Abdominal Adipose Tissue Biopsy via a Non-diathermy Method$h[electronic resource]
=260  \\$aCambridge, MA$bMyJoVE Corp$c2016
=300  \\$aonline resource (541 seconds)
=490  0\$aMedicine
=500  \\$aTitle from resource description page
=520  \\$aWe standardized an abdominal adipose tissue biopsy using a non-diathermy method performed under local anesthesia. Three cases of excessive post-operation bleeding out of 115 operations (2.61%) occurred.We conclude that an abdominal adipose tissue surgical biopsy using a non-diathermy method can be safely applied to healthy men.
=521  \\$aFor undergraduate, graduate, and professional students
=546  \\$aEnglish
=650  \0$aMedicine
=856  40$uhttps://www.jove.com/video/55593
=945  \\$aThe Whole World

