=LDR  00856ngm a2200000i 4500
=001  JoVEMedicine56079
=008  161201s2016\\\\xx\\\\\g\\\\\\s\\\\\eng\d
=035  \\$a(OCoLC)733445860
=040  \\$aVaAlASP$cVaAlASP
=100  1\$aFarb,Melissa G.
=245  12$aAssessment of Human Adipose Tissue Microvascular Function Using Videomicroscopy$h[electronic resource]
=260  \\$aCambridge, MA$bMyJoVE Corp$c2016
=300  \\$aonline resource (444 seconds)
=490  0\$aMedicine
=500  \\$aTitle from resource description page
=520  \\$aVideomicroscopy systems are used to examine functional properties of isolated adipose tissue arterioles in response to physiological and pharmacological stimuli. This technique can be used to examine microvascular phenotypes in different adipose tissue domains in obese humans.
=521  \\$aFor undergraduate, graduate, and professional students
=546  \\$aEnglish
=650  \0$aMedicine
=856  40$uhttps://www.jove.com/video/56079
=945  \\$aThe Whole World

