=LDR  01000ngm a2200000i 4500
=001  JoVEMedicine56484
=008  161201s2016\\\\xx\\\\\g\\\\\\s\\\\\eng\d
=035  \\$a(OCoLC)733445860
=040  \\$aVaAlASP$cVaAlASP
=100  1\$aSimon,Bailey
=245  12$aA Primary Human Trophoblast Model to Study the Effect of Inflammation Associated with Maternal Obesity on Regulation of Autophagy in the Placenta$h[electronic resource]
=260  \\$aCambridge, MA$bMyJoVE Corp$c2016
=300  \\$aonline resource (704 seconds)
=490  0\$aMedicine
=500  \\$aTitle from resource description page
=520  \\$aPresented here is a protocol for sampling of human placental villous tissue followed by isolation of cytotrophoblasts for primary cell culture. Treatment of trophoblasts with TNFα recapitulates inflammation in the obese intrauterine environment and facilitates the discovery of molecular targets regulated by inflammation in placentas with maternal obesity.
=521  \\$aFor undergraduate, graduate, and professional students
=546  \\$aEnglish
=650  \0$aMedicine
=856  40$uhttps://www.jove.com/video/56484
=945  \\$aThe Whole World

