=LDR  00736ngm a2200000i 4500
=001  JoVEBiology56496
=008  161201s2016\\\\xx\\\\\g\\\\\\s\\\\\eng\d
=035  \\$a(OCoLC)733445860
=040  \\$aVaAlASP$cVaAlASP
=100  1\$aKim,Su-Jeong
=245  12$aSubcellular Fractionation for ERK Activation Upon Mitochondrial-derived Peptide Treatment$h[electronic resource]
=260  \\$aCambridge, MA$bMyJoVE Corp$c2016
=300  \\$aonline resource (475 seconds)
=490  0\$aBiology
=500  \\$aTitle from resource description page
=520  \\$aThis protocol describes how to stimulate cells with mitochondrial-derived peptides and assess the signaling cascade and localization of phospho-proteins.
=521  \\$aFor undergraduate, graduate, and professional students
=546  \\$aEnglish
=650  \0$aBiology
=856  40$uhttps://www.jove.com/video/56496
=945  \\$aThe Whole World

