=LDR  00955ngm a2200000i 4500
=001  JoVEMedicine56231
=008  161201s2016\\\\xx\\\\\g\\\\\\s\\\\\eng\d
=035  \\$a(OCoLC)733445860
=040  \\$aVaAlASP$cVaAlASP
=100  1\$aTavakoli,Reza
=245  12$aTechnique of Minimally Invasive Transverse Aortic Constriction in Mice for Induction of Left Ventricular Hypertrophy$h[electronic resource]
=260  \\$aCambridge, MA$bMyJoVE Corp$c2016
=300  \\$aonline resource (514 seconds)
=490  0\$aMedicine
=500  \\$aTitle from resource description page
=520  \\$aThe aim of this protocol is to describe step-by-step the technique of minimally invasive transverse aortic constriction (TAC) in mice. By elimination of intubation and ventilation which are mandatory for the commonly used standard procedure, minimally invasive TAC simplifies the operative procedure and reduces the strain put on the animal.
=521  \\$aFor undergraduate, graduate, and professional students
=546  \\$aEnglish
=650  \0$aMedicine
=856  40$uhttps://www.jove.com/video/56231
=945  \\$aThe Whole World

