=LDR  00958ngm a2200000i 4500
=001  JoVEMedicine56277
=008  161201s2016\\\\xx\\\\\g\\\\\\s\\\\\eng\d
=035  \\$a(OCoLC)733445860
=040  \\$aVaAlASP$cVaAlASP
=100  1\$aNielsen,Simone  S. E.
=245  12$aImproved Method for the Establishment of an In Vitro Blood-Brain Barrier Model Based on Porcine Brain Endothelial Cells$h[electronic resource]
=260  \\$aCambridge, MA$bMyJoVE Corp$c2016
=300  \\$aonline resource (563 seconds)
=490  0\$aMedicine
=500  \\$aTitle from resource description page
=520  \\$aThe aim of the protocol is to present an optimized procedure for the establishment of an in vitro blood-brain barrier (BBB) model based on primary porcine brain endothelial cells (pBECs). The model shows high reproducibility, high tightness, and is suitable for studies of transport and intracellular trafficking in drug discovery.  
=521  \\$aFor undergraduate, graduate, and professional students
=546  \\$aEnglish
=650  \0$aMedicine
=856  40$uhttps://www.jove.com/video/56277
=945  \\$aThe Whole World

