=LDR  00730ngm a2200000i 4500
=001  JoVEMedicine56017
=008  161201s2016\\\\xx\\\\\g\\\\\\s\\\\\eng\d
=035  \\$a(OCoLC)733445860
=040  \\$aVaAlASP$cVaAlASP
=100  1\$aMadrahimov,Nodir
=245  12$aCardiopulmonary Bypass in a Mouse Model: A Novel Approach$h[electronic resource]
=260  \\$aCambridge, MA$bMyJoVE Corp$c2016
=300  \\$aonline resource (488 seconds)
=490  0\$aMedicine
=500  \\$aTitle from resource description page
=520  \\$aThis paper describes how to perform cardiopulmonary bypass in mice. This novel model will facilitate the investigation of the molecular mechanisms involved in organ damage.
=521  \\$aFor undergraduate, graduate, and professional students
=546  \\$aEnglish
=650  \0$aMedicine
=856  40$uhttps://www.jove.com/video/56017
=945  \\$aThe Whole World

