=LDR  00961ngm a2200000i 4500
=001  JoVEMedicine56158
=008  161201s2016\\\\xx\\\\\g\\\\\\s\\\\\eng\d
=035  \\$a(OCoLC)733445860
=040  \\$aVaAlASP$cVaAlASP
=100  1\$aPacheco,Shaun
=245  12$aSolubility of Hydrophobic Compounds in Aqueous Solution Using Combinations of Self-assembling Peptide and Amino Acid$h[electronic resource]
=260  \\$aCambridge, MA$bMyJoVE Corp$c2016
=300  \\$aonline resource (308 seconds)
=490  0\$aMedicine
=500  \\$aTitle from resource description page
=520  \\$aThis protocol describes a clinically-applicable means of dissolving hydrophobic compounds in an aqueous environment using combinations of self-assembling peptide and amino acid solutions. Our method resolves a major limitation of hydrophobic therapeutics, which lack safe, efficient means of solubility and delivery methods into clinical settings.
=521  \\$aFor undergraduate, graduate, and professional students
=546  \\$aEnglish
=650  \0$aMedicine
=856  40$uhttps://www.jove.com/video/56158
=945  \\$aThe Whole World

