=LDR  00883ngm a2200000i 4500
=001  JoVEBiology56197
=008  161201s2016\\\\xx\\\\\g\\\\\\s\\\\\eng\d
=035  \\$a(OCoLC)733445860
=040  \\$aVaAlASP$cVaAlASP
=100  1\$aKurokawa,Masaomi
=245  12$aPrecise, High-throughput Analysis of Bacterial Growth$h[electronic resource]
=260  \\$aCambridge, MA$bMyJoVE Corp$c2016
=300  \\$aonline resource (540 seconds)
=490  0\$aBiology
=500  \\$aTitle from resource description page
=520  \\$aQuantitative evaluation of bacterial growth is essential to understanding microbial physiology as a systems-level phenomenon. A protocol for experimental manipulation and an analytical approach are introduced, allowing for precise, high-throughput analysis of bacterial growth, which is a key subject of interest in systems biology.
=521  \\$aFor undergraduate, graduate, and professional students
=546  \\$aEnglish
=650  \0$aBiology
=856  40$uhttps://www.jove.com/video/56197
=945  \\$aThe Whole World

