=LDR  00912ngm a2200000i 4500
=001  JoVEMedicine55797
=008  161201s2016\\\\xx\\\\\g\\\\\\s\\\\\eng\d
=035  \\$a(OCoLC)733445860
=040  \\$aVaAlASP$cVaAlASP
=100  1\$aGao,Jing
=245  12$aAssessment of Sarcoplasmic Reticulum Calcium Reserve and Intracellular Diastolic Calcium Removal in Isolated Ventricular Cardiomyocytes$h[electronic resource]
=260  \\$aCambridge, MA$bMyJoVE Corp$c2016
=300  \\$aonline resource (660 seconds)
=490  0\$aMedicine
=500  \\$aTitle from resource description page
=520  \\$aIntracellular calcium recycling plays a critical role in regulation of systolic and diastolic function in cardiomyocytes. Here, we describe a protocol to evaluate sarcoplasmic reticulum Ca2+ reserve and diastolic calcium removal function in cardiomyocytes by a calcium imaging system.
=521  \\$aFor undergraduate, graduate, and professional students
=546  \\$aEnglish
=650  \0$aMedicine
=856  40$uhttps://www.jove.com/video/55797
=945  \\$aThe Whole World

