=LDR  00944ngm a2200000i 4500
=001  JoVEMedicine55376
=008  161201s2016\\\\xx\\\\\g\\\\\\s\\\\\eng\d
=035  \\$a(OCoLC)733445860
=040  \\$aVaAlASP$cVaAlASP
=100  1\$aTierrablanca-Sánchez,Lilia
=245  12$aDetermination of the Relative Potency of an Anti-TNF Monoclonal Antibody (mAb) by Neutralizing TNF Using an In Vitro Bioanalytical Method$h[electronic resource]
=260  \\$aCambridge, MA$bMyJoVE Corp$c2016
=300  \\$aonline resource (967 seconds)
=490  0\$aMedicine
=500  \\$aTitle from resource description page
=520  \\$aA protocol for the determination of the relative anti-apoptotic activity of an anti-TNFα mAb using  a neutralization mechanism with WEHI 164 cells is presented here. This protocol is useful for comparing the neutralization strength of different molecules with the same biological functionality.
=521  \\$aFor undergraduate, graduate, and professional students
=546  \\$aEnglish
=650  \0$aMedicine
=856  40$uhttps://www.jove.com/video/55376
=945  \\$aThe Whole World

