=LDR  00956ngm a2200000i 4500
=001  JoVEMedicine55716
=008  161201s2016\\\\xx\\\\\g\\\\\\s\\\\\eng\d
=035  \\$a(OCoLC)733445860
=040  \\$aVaAlASP$cVaAlASP
=100  1\$aMakita,Kohzoh
=245  12$aA Novel Method: Super-selective Adrenal Venous Sampling$h[electronic resource]
=260  \\$aCambridge, MA$bMyJoVE Corp$c2016
=300  \\$aonline resource (368 seconds)
=490  0\$aMedicine
=500  \\$aTitle from resource description page
=520  \\$a'Super-selective' adrenal venous sampling (ssAVS, also called segmental adrenal venous sampling: sAVS) was performed using a micro-catheter to identify adrenal segment(s) that produce excessive amounts of hormones. The ssAVS technique was described, cases in which adrenal segmental lesion(s) were identified by ssAVS were presented, and the usefulness of ssAVS in future adrenal research was discussed.
=521  \\$aFor undergraduate, graduate, and professional students
=546  \\$aEnglish
=650  \0$aMedicine
=856  40$uhttps://www.jove.com/video/55716
=945  \\$aThe Whole World

