=LDR  00961ngm a2200000i 4500
=001  JoVEBiology56089
=008  161201s2016\\\\xx\\\\\g\\\\\\s\\\\\eng\d
=035  \\$a(OCoLC)733445860
=040  \\$aVaAlASP$cVaAlASP
=100  1\$aMakhmutova,Madina
=245  12$aConfocal Imaging of Neuropeptide Y-pHluorin: A Technique to Visualize Insulin Granule Exocytosis in Intact Murine and Human Islets$h[electronic resource]
=260  \\$aCambridge, MA$bMyJoVE Corp$c2016
=300  \\$aonline resource (581 seconds)
=490  0\$aBiology
=500  \\$aTitle from resource description page
=520  \\$aWe describe a protocol for visualization of insulin exocytosis in intact islets using pHluorin, a pH-sensitive green fluorescent protein. Isolated islets are infected with adenovirus encoding pHluorin coupled to the vesicle cargo neuropeptide Y. This allows for the detection of insulin granule fusion events by confocal microscopy.
=521  \\$aFor undergraduate, graduate, and professional students
=546  \\$aEnglish
=650  \0$aBiology
=856  40$uhttps://www.jove.com/video/56089
=945  \\$aThe Whole World

