=LDR  00878ngm a2200000i 4500
=001  JoVEBiology55911
=008  161201s2016\\\\xx\\\\\g\\\\\\s\\\\\eng\d
=035  \\$a(OCoLC)733445860
=040  \\$aVaAlASP$cVaAlASP
=100  1\$aNelson,Gail  M
=245  12$aProcedure and Key Optimization Strategies for an Automated Capillary Electrophoretic-based Immunoassay Method$h[electronic resource]
=260  \\$aCambridge, MA$bMyJoVE Corp$c2016
=300  \\$aonline resource (572 seconds)
=490  0\$aBiology
=500  \\$aTitle from resource description page
=520  \\$aA capillary-based immunoassay using a commercial platform to measure target proteins from total protein preparations is demonstrated. In addition, assay parameters of exposure time, protein concentration, and antibody dilution are optimized for a cell culture model system.
=521  \\$aFor undergraduate, graduate, and professional students
=546  \\$aEnglish
=650  \0$aBiology
=856  40$uhttps://www.jove.com/video/55911
=945  \\$aThe Whole World

