=LDR  00880ngm a2200000i 4500
=001  JoVEBiology55881
=008  161201s2016\\\\xx\\\\\g\\\\\\s\\\\\eng\d
=035  \\$a(OCoLC)733445860
=040  \\$aVaAlASP$cVaAlASP
=100  1\$aErbil-Bilir,Secil
=245  12$aStudy of Protein-protein Interactions in Autophagy Research$h[electronic resource]
=260  \\$aCambridge, MA$bMyJoVE Corp$c2016
=300  \\$aonline resource (848 seconds)
=490  0\$aBiology
=500  \\$aTitle from resource description page
=520  \\$aPresented here are two antibody-based protein-protein interaction research techniques: immunofluorescence and immunoprecipitation. These techniques are suitable for studying physical interactions between proteins for the discovery of novel components of cellular signaling pathways and for understanding protein dynamics.

=521  \\$aFor undergraduate, graduate, and professional students
=546  \\$aEnglish
=650  \0$aBiology
=856  40$uhttps://www.jove.com/video/55881
=945  \\$aThe Whole World

