=LDR  00904ngm a2200000i 4500
=001  JoVEMedicine55992
=008  161201s2016\\\\xx\\\\\g\\\\\\s\\\\\eng\d
=035  \\$a(OCoLC)733445860
=040  \\$aVaAlASP$cVaAlASP
=100  1\$aBiwer,Lauren A.
=245  12$aA Cell Culture Model of Resistance Arteries $h[electronic resource]
=260  \\$aCambridge, MA$bMyJoVE Corp$c2016
=300  \\$aonline resource (654 seconds)
=490  0\$aMedicine
=500  \\$aTitle from resource description page
=520  \\$aA cell culture model of resistance arteries is described, allowing for the dissection of signaling pathways in endothelium, smooth muscle, or between endothelium and smooth muscle (the myoendothelial junction). The selective application of agonists or protein isolation, electron microscopy, or immunofluorescence can be utilized using this cell culture model.
=521  \\$aFor undergraduate, graduate, and professional students
=546  \\$aEnglish
=650  \0$aMedicine
=856  40$uhttps://www.jove.com/video/55992
=945  \\$aThe Whole World

