=LDR  00697ngm a2200000i 4500
=001  JoVEMedicine55985
=008  161201s2016\\\\xx\\\\\g\\\\\\s\\\\\eng\d
=035  \\$a(OCoLC)733445860
=040  \\$aVaAlASP$cVaAlASP
=100  1\$aBruns,Nora
=245  12$aApplication of an Amplitude-integrated EEG Monitor (Cerebral Function Monitor) to Neonates$h[electronic resource]
=260  \\$aCambridge, MA$bMyJoVE Corp$c2016
=300  \\$aonline resource (358 seconds)
=490  0\$aMedicine
=500  \\$aTitle from resource description page
=520  \\$aHere, we show how to apply amplitude-integrated electroencephalography to monitor cerebral function in neonates.
=521  \\$aFor undergraduate, graduate, and professional students
=546  \\$aEnglish
=650  \0$aMedicine
=856  40$uhttps://www.jove.com/video/55985
=945  \\$aThe Whole World

