=LDR  00919ngm a2200000i 4500
=001  JoVEMedicine56227
=008  161201s2016\\\\xx\\\\\g\\\\\\s\\\\\eng\d
=035  \\$a(OCoLC)733445860
=040  \\$aVaAlASP$cVaAlASP
=100  1\$aSfriso,Riccardo
=245  12$aAssessment of the Anticoagulant and Anti-inflammatory Properties of Endothelial Cells Using 3D Cell Culture and Non-anticoagulated Whole Blood$h[electronic resource]
=260  \\$aCambridge, MA$bMyJoVE Corp$c2016
=300  \\$aonline resource (428 seconds)
=490  0\$aMedicine
=500  \\$aTitle from resource description page
=520  \\$aWe present an in vitro model which allows the study and analysis of coagulation in whole, non-anticoagulated blood. Anticoagulation in the system depends on the natural anticoagulation effect of healthy endothelial cells and endothelial cell activation will result in clotting.
=521  \\$aFor undergraduate, graduate, and professional students
=546  \\$aEnglish
=650  \0$aMedicine
=856  40$uhttps://www.jove.com/video/56227
=945  \\$aThe Whole World

