=LDR  00945ngm a2200000i 4500
=001  JoVEMedicine56476
=008  161201s2016\\\\xx\\\\\g\\\\\\s\\\\\eng\d
=035  \\$a(OCoLC)733445860
=040  \\$aVaAlASP$cVaAlASP
=100  1\$aChoi,Jaesung  P.
=245  12$aInduction and Micro-CT Imaging of Cerebral Cavernous Malformations in Mouse Model$h[electronic resource]
=260  \\$aCambridge, MA$bMyJoVE Corp$c2016
=300  \\$aonline resource (312 seconds)
=490  0\$aMedicine
=500  \\$aTitle from resource description page
=520  \\$aThis protocol demonstrates the induction of cerebral cavernous malformation disease in a mouse model and uses contrast enhanced micro computed tomography to measure lesion burden. This method enhances the value of established mouse models to study the molecular basis and potential therapies for cerebral cavernous malformation and other cerebrovascular diseases.
=521  \\$aFor undergraduate, graduate, and professional students
=546  \\$aEnglish
=650  \0$aMedicine
=856  40$uhttps://www.jove.com/video/56476
=945  \\$aThe Whole World

