=LDR  01003ngm a2200000i 4500
=001  JoVEMedicine55367
=008  161201s2016\\\\xx\\\\\g\\\\\\s\\\\\eng\d
=035  \\$a(OCoLC)733445860
=040  \\$aVaAlASP$cVaAlASP
=100  1\$aDave,Maneesh
=245  12$aUltrasound-guided Intracardiac Injection of Human Mesenchymal Stem Cells to Increase Homing to the Intestine for Use in Murine Models of Experimental Inflammatory Bowel Diseases$h[electronic resource]
=260  \\$aCambridge, MA$bMyJoVE Corp$c2016
=300  \\$aonline resource (465 seconds)
=490  0\$aMedicine
=500  \\$aTitle from resource description page
=520  \\$aMurine studies in models of colonic inflammation have demonstrated that a small percentage (1 - 5%) of mesenchymal stem cells (MSC) injected intravenously or intraperitoneally home to the inflamed colon1,2. This study shows that ultrasound-guided intracardiac injections of MSCs result in increased localization to the intestine.
=521  \\$aFor undergraduate, graduate, and professional students
=546  \\$aEnglish
=650  \0$aMedicine
=856  40$uhttps://www.jove.com/video/55367
=945  \\$aThe Whole World

