=LDR  00921ngm a2200000i 4500
=001  JoVEMedicine56024
=008  161201s2016\\\\xx\\\\\g\\\\\\s\\\\\eng\d
=035  \\$a(OCoLC)733445860
=040  \\$aVaAlASP$cVaAlASP
=100  1\$aTyagi,Sidharth
=245  12$aSemi-automated Analysis of Mouse Skeletal Muscle Morphology and Fiber-type Composition$h[electronic resource]
=260  \\$aCambridge, MA$bMyJoVE Corp$c2016
=300  \\$aonline resource (516 seconds)
=490  0\$aMedicine
=500  \\$aTitle from resource description page
=520  \\$aImmunohistochemical staining of myosin heavy chain isoforms has emerged as the state-of-the-art discriminator of skeletal muscle fiber-type (i.e., type I, type IIA, type IIX, type IIB). Here, we present a staining protocol along with a novel semi-automated algorithm that facilitates rapid assessment of fiber-type and fiber morphology.
=521  \\$aFor undergraduate, graduate, and professional students
=546  \\$aEnglish
=650  \0$aMedicine
=856  40$uhttps://www.jove.com/video/56024
=945  \\$aThe Whole World

