=LDR  00828ngm a2200000i 4500
=001  JoVEMedicine56415
=008  161201s2016\\\\xx\\\\\g\\\\\\s\\\\\eng\d
=035  \\$a(OCoLC)733445860
=040  \\$aVaAlASP$cVaAlASP
=100  1\$aBahadori,Shayan
=245  12$aA Novel Approach to Overcome Movement Artifact When Using a Laser Speckle Contrast Imaging System for Alternating Speeds of Blood Microcirculation$h[electronic resource]
=260  \\$aCambridge, MA$bMyJoVE Corp$c2016
=300  \\$aonline resource (440 seconds)
=490  0\$aMedicine
=500  \\$aTitle from resource description page
=520  \\$aThis study introduces a novel technique for the measurement and analysis of alternating speeds of blood microcirculation in a single experiment using a laser speckle contrast imager.
=521  \\$aFor undergraduate, graduate, and professional students
=546  \\$aEnglish
=650  \0$aMedicine
=856  40$uhttps://www.jove.com/video/56415
=945  \\$aThe Whole World

