=LDR  00925ngm a2200000i 4500
=001  JoVEMedicine56290
=008  161201s2016\\\\xx\\\\\g\\\\\\s\\\\\eng\d
=035  \\$a(OCoLC)733445860
=040  \\$aVaAlASP$cVaAlASP
=100  1\$aWagner,Martin
=245  12$aIntravital Microscopy of Monocyte Homing and Tumor-Related Angiogenesis in a Murine Model of Peripheral Arterial Disease$h[electronic resource]
=260  \\$aCambridge, MA$bMyJoVE Corp$c2016
=300  \\$aonline resource (518 seconds)
=490  0\$aMedicine
=500  \\$aTitle from resource description page
=520  \\$aMonocytes are important mediators of arteriogenesis in the context of peripheral arterial disease. Using a basement membrane-like matrix and intravital microscopy, this protocol investigates monocyte homing and tumor-related angiogenesis after monocyte injection in the femoral artery ligation murine model.
=521  \\$aFor undergraduate, graduate, and professional students
=546  \\$aEnglish
=650  \0$aMedicine
=856  40$uhttps://www.jove.com/video/56290
=945  \\$aThe Whole World

