=LDR  00765ngm a2200000i 4500
=001  JoVEMedicine56095
=008  161201s2016\\\\xx\\\\\g\\\\\\s\\\\\eng\d
=035  \\$a(OCoLC)733445860
=040  \\$aVaAlASP$cVaAlASP
=100  1\$aSun,Zhongwei
=245  12$aGeneration of a Chronic Obstructive Pulmonary Disease Model in Mice by Repeated Ozone Exposure$h[electronic resource]
=260  \\$aCambridge, MA$bMyJoVE Corp$c2016
=300  \\$aonline resource (497 seconds)
=490  0\$aMedicine
=500  \\$aTitle from resource description page
=520  \\$aThis study describes the successful generation of a new chronic obstructive pulmonary disease (COPD) animal model by repeatedly exposing mice to high concentrations of ozone.
=521  \\$aFor undergraduate, graduate, and professional students
=546  \\$aEnglish
=650  \0$aMedicine
=856  40$uhttps://www.jove.com/video/56095
=945  \\$aThe Whole World

