=LDR  00845ngm a2200000i 4500
=001  JoVEBiology54828
=008  161201s2016\\\\xx\\\\\g\\\\\\s\\\\\eng\d
=035  \\$a(OCoLC)733445860
=040  \\$aVaAlASP$cVaAlASP
=100  1\$aMcAllister,Shane C.
=245  12$aAn In Vitro Model for Studying Cellular Transformation by Kaposi Sarcoma Herpesvirus$h[electronic resource]
=260  \\$aCambridge, MA$bMyJoVE Corp$c2016
=300  \\$aonline resource (593 seconds)
=490  0\$aBiology
=500  \\$aTitle from resource description page
=520  \\$aKaposi sarcoma (KS) is a tumor induced by infection with the oncogenic virus human herpesvirus-8/KS herpesvirus (HHV-8/KSHV). The endothelial cell culture model described here is uniquely suited for studying the mechanisms by which KSHV transforms host cells. 
=521  \\$aFor undergraduate, graduate, and professional students
=546  \\$aEnglish
=650  \0$aBiology
=856  40$uhttps://www.jove.com/video/54828
=945  \\$aThe Whole World

