=LDR  00895ngm a2200000i 4500
=001  JoVEMedicine55731
=008  161201s2016\\\\xx\\\\\g\\\\\\s\\\\\eng\d
=035  \\$a(OCoLC)733445860
=040  \\$aVaAlASP$cVaAlASP
=100  1\$aRoche,Joseph  A
=245  12$aMinimally Invasive Muscle Embedding (MIME) - A Novel Experimental Technique to Facilitate Donor-Cell-Mediated Myogenesis$h[electronic resource]
=260  \\$aCambridge, MA$bMyJoVE Corp$c2016
=300  \\$aonline resource (557 seconds)
=490  0\$aMedicine
=500  \\$aTitle from resource description page
=520  \\$aWe describe a novel experimental technique that we call Minimally Invasive Muscle Embedding (MIME), which is based on the evidence that skeletal muscle tissue contains viable myogenic cells that can facilitate donor-cell-mediated myogenesis when implanted into a host muscle.
=521  \\$aFor undergraduate, graduate, and professional students
=546  \\$aEnglish
=650  \0$aMedicine
=856  40$uhttps://www.jove.com/video/55731
=945  \\$aThe Whole World

