=LDR  00993ngm a2200000i 4500
=001  JoVEBiology56162
=008  161201s2016\\\\xx\\\\\g\\\\\\s\\\\\eng\d
=035  \\$a(OCoLC)733445860
=040  \\$aVaAlASP$cVaAlASP
=100  1\$aDarrow,Michele  C.
=245  12$aVolume Segmentation and Analysis of Biological Materials Using SuRVoS (Super-region Volume Segmentation) Workbench$h[electronic resource]
=260  \\$aCambridge, MA$bMyJoVE Corp$c2016
=300  \\$aonline resource (698 seconds)
=490  0\$aBiology
=500  \\$aTitle from resource description page
=520  \\$aSegmentation of three-dimensional data from many imaging techniques is a major bottleneck in analysis of complex biological systems. Here, we describe the use of SuRVoS Workbench to semi-automatically segment volumetric data at various length-scales using example datasets from cryo-electron tomography, cryo soft X-ray tomography, and phase contrast X-ray tomography techniques.
=521  \\$aFor undergraduate, graduate, and professional students
=546  \\$aEnglish
=650  \0$aBiology
=856  40$uhttps://www.jove.com/video/56162
=945  \\$aThe Whole World

