=LDR  00870ngm a2200000i 4500
=001  JoVEMedicine55728
=008  161201s2016\\\\xx\\\\\g\\\\\\s\\\\\eng\d
=035  \\$a(OCoLC)733445860
=040  \\$aVaAlASP$cVaAlASP
=100  1\$aZhang,Rongli
=245  12$aIleectomy-induced Bile Overaccumulation in Mouse Intestine$h[electronic resource]
=260  \\$aCambridge, MA$bMyJoVE Corp$c2016
=300  \\$aonline resource (415 seconds)
=490  0\$aMedicine
=500  \\$aTitle from resource description page
=520  \\$aSmall intestine-dependent bile acid reabsorption and feedback inhibition of hepatic bile acid synthesis is important for systemic homeostasis and health. In this study, we describe a mouse model for ileal resection to evaluate ileectomy-induced bile malabsorption, overaccumulation, and toxicity in mouse intestine.
=521  \\$aFor undergraduate, graduate, and professional students
=546  \\$aEnglish
=650  \0$aMedicine
=856  40$uhttps://www.jove.com/video/55728
=945  \\$aThe Whole World

