=LDR  00786ngm a2200000i 4500
=001  JoVEMedicine55647
=008  161201s2016\\\\xx\\\\\g\\\\\\s\\\\\eng\d
=035  \\$a(OCoLC)733445860
=040  \\$aVaAlASP$cVaAlASP
=100  1\$aVeite-Schmahl,Michelle  J.
=245  12$aDissection of the Mouse Pancreas for Histological Analysis and Metabolic Profiling$h[electronic resource]
=260  \\$aCambridge, MA$bMyJoVE Corp$c2016
=300  \\$aonline resource (501 seconds)
=490  0\$aMedicine
=500  \\$aTitle from resource description page
=520  \\$aThis video article provides a detailed demonstration of the procedures required to successfully remove the pancreas from a mouse by dissection for histological analysis and metabolic profiling.
=521  \\$aFor undergraduate, graduate, and professional students
=546  \\$aEnglish
=650  \0$aMedicine
=856  40$uhttps://www.jove.com/video/55647
=945  \\$aThe Whole World

