=LDR  00751ngm a2200000i 4500
=001  JoVEBiology55508
=008  161201s2016\\\\xx\\\\\g\\\\\\s\\\\\eng\d
=035  \\$a(OCoLC)733445860
=040  \\$aVaAlASP$cVaAlASP
=100  1\$aChung,Hae-Na
=245  12$aFat Body Organ Culture System in Aedes Aegypti, a Vector of Zika Virus$h[electronic resource]
=260  \\$aCambridge, MA$bMyJoVE Corp$c2016
=300  \\$aonline resource (378 seconds)
=490  0\$aBiology
=500  \\$aTitle from resource description page
=520  \\$aThe fat body is the central metabolic organ in insects. We present a live organ culture system that enables the user to study the responses of isolated fat body tissue to various stimuli.
=521  \\$aFor undergraduate, graduate, and professional students
=546  \\$aEnglish
=650  \0$aBiology
=856  40$uhttps://www.jove.com/video/55508
=945  \\$aThe Whole World

