=LDR  00921ngm a2200000i 4500
=001  JoVEBiology55768
=008  161201s2016\\\\xx\\\\\g\\\\\\s\\\\\eng\d
=035  \\$a(OCoLC)733445860
=040  \\$aVaAlASP$cVaAlASP
=100  1\$aWeidner,Christopher
=245  12$aA Protocol for Using Gene Set Enrichment Analysis to Identify the Appropriate Animal Model for Translational Research$h[electronic resource]
=260  \\$aCambridge, MA$bMyJoVE Corp$c2016
=300  \\$aonline resource (575 seconds)
=490  0\$aBiology
=500  \\$aTitle from resource description page
=520  \\$aWe provide a standardized protocol for the use of gene set enrichment analysis of transcriptomic data to identify an ideal mouse model for translational research.
This protocol can be used with DNA microarray and RNA sequencing data and can further be extended to other omics data if data are available.
=521  \\$aFor undergraduate, graduate, and professional students
=546  \\$aEnglish
=650  \0$aBiology
=856  40$uhttps://www.jove.com/video/55768
=945  \\$aThe Whole World

