=LDR  00920ngm a2200000i 4500
=001  JoVEBiology56142
=008  161201s2016\\\\xx\\\\\g\\\\\\s\\\\\eng\d
=035  \\$a(OCoLC)733445860
=040  \\$aVaAlASP$cVaAlASP
=100  1\$aVincent,Thomas R.
=245  12$aReal-time In Vivo Recording of Arabidopsis Calcium Signals During Insect Feeding Using a Fluorescent Biosensor$h[electronic resource]
=260  \\$aCambridge, MA$bMyJoVE Corp$c2016
=300  \\$aonline resource (501 seconds)
=490  0\$aBiology
=500  \\$aTitle from resource description page
=520  \\$aThis protocol outlines a simple method for analyzing calcium signals in plants generated by feeding hemipteran insects, such as aphids. Arabidopsis thaliana transformed with the GFP calcium biosensor GCaMP3 allow for the real-time in vivo imaging of calcium dynamics with a high temporal and spatial resolution.
=521  \\$aFor undergraduate, graduate, and professional students
=546  \\$aEnglish
=650  \0$aBiology
=856  40$uhttps://www.jove.com/video/56142
=945  \\$aThe Whole World

