=LDR  00880ngm a2200000i 4500
=001  JoVEBiology56124
=008  161201s2016\\\\xx\\\\\g\\\\\\s\\\\\eng\d
=035  \\$a(OCoLC)733445860
=040  \\$aVaAlASP$cVaAlASP
=100  1\$aRoss,Perran A.
=245  12$aMaintaining Aedes aegypti Mosquitoes Infected with Wolbachia$h[electronic resource]
=260  \\$aCambridge, MA$bMyJoVE Corp$c2016
=300  \\$aonline resource (563 seconds)
=490  0\$aBiology
=500  \\$aTitle from resource description page
=520  \\$aAedes aegypti mosquitoes infected with Wolbachia are being released into natural populations to suppress the transmission of arboviruses. We describe methods to rear Ae. aegypti with Wolbachia infections in the laboratory for experiments and field release, taking precautions to minimize laboratory adaptation and selection.
=521  \\$aFor undergraduate, graduate, and professional students
=546  \\$aEnglish
=650  \0$aBiology
=856  40$uhttps://www.jove.com/video/56124
=945  \\$aThe Whole World

