=LDR  00851ngm a2200000i 4500
=001  JoVEMedicine55917
=008  161201s2016\\\\xx\\\\\g\\\\\\s\\\\\eng\d
=035  \\$a(OCoLC)733445860
=040  \\$aVaAlASP$cVaAlASP
=100  1\$aMichels,Alison
=245  12$aInvestigating von Willebrand Factor Pathophysiology Using a Flow Chamber Model of von Willebrand Factor-platelet String Formation$h[electronic resource]
=260  \\$aCambridge, MA$bMyJoVE Corp$c2016
=300  \\$aonline resource (510 seconds)
=490  0\$aMedicine
=500  \\$aTitle from resource description page
=520  \\$aIn this paper, we describe a method to assess endothelial von Willebrand factor release and the subsequent platelet capture under fluid shear stress in response to inflammatory stimuli using an in vitro flow chamber system.
=521  \\$aFor undergraduate, graduate, and professional students
=546  \\$aEnglish
=650  \0$aMedicine
=856  40$uhttps://www.jove.com/video/55917
=945  \\$aThe Whole World

