=LDR  00953ngm a2200000i 4500
=001  JoVEMedicine55895
=008  161201s2016\\\\xx\\\\\g\\\\\\s\\\\\eng\d
=035  \\$a(OCoLC)733445860
=040  \\$aVaAlASP$cVaAlASP
=100  1\$aSchadde,Erik
=245  12$aRat Model of the Associating Liver Partition and Portal Vein Ligation for Staged Hepatectomy (ALPPS) Procedure$h[electronic resource]
=260  \\$aCambridge, MA$bMyJoVE Corp$c2016
=300  \\$aonline resource (449 seconds)
=490  0\$aMedicine
=500  \\$aTitle from resource description page
=520  \\$aInducing rapid liver hypertrophy using Associating Liver Partition and Portal vein ligation for a Staged hepatectomy (ALPPS) has been proposed for resection of borderline resectable liver tumors. This model may elucidate mechanisms involved in rapid hypertrophy and allows testing of drugs that promote or block the acceleration of regeneration. 
=521  \\$aFor undergraduate, graduate, and professional students
=546  \\$aEnglish
=650  \0$aMedicine
=856  40$uhttps://www.jove.com/video/55895
=945  \\$aThe Whole World

