=LDR  00999ngm a2200000i 4500
=001  JoVEMedicine55238
=008  161201s2016\\\\xx\\\\\g\\\\\\s\\\\\eng\d
=035  \\$a(OCoLC)733445860
=040  \\$aVaAlASP$cVaAlASP
=100  1\$aKotsougiani,Dimitra
=245  12$aSurgical Angiogenesis in Porcine Tibial Allotransplantation: A New Large Animal Bone Vascularized Composite Allotransplantation Model$h[electronic resource]
=260  \\$aCambridge, MA$bMyJoVE Corp$c2016
=300  \\$aonline resource (631 seconds)
=490  0\$aMedicine
=500  \\$aTitle from resource description page
=520  \\$aCurrently any kind of vascularized composite allotransplantation depends on long-term-immunosuppression, difficult to support for non-life-critical indications. We present a new porcine tibial VCA model that can be used to study bone VCA and demonstrate the use of surgical angiogenesis to maintain bone viability without the need of long-term immune-modulation.
=521  \\$aFor undergraduate, graduate, and professional students
=546  \\$aEnglish
=650  \0$aMedicine
=856  40$uhttps://www.jove.com/video/55238
=945  \\$aThe Whole World

