=LDR  01056ngm a2200000i 4500
=001  JoVEBiology55698
=008  161201s2016\\\\xx\\\\\g\\\\\\s\\\\\eng\d
=035  \\$a(OCoLC)733445860
=040  \\$aVaAlASP$cVaAlASP
=100  1\$aRossano,Adam  J.
=245  12$aOptical Quantification of Intracellular pH in Drosophila melanogaster Malpighian Tubule Epithelia with a Fluorescent Genetically-encoded pH Indicator$h[electronic resource]
=260  \\$aCambridge, MA$bMyJoVE Corp$c2016
=300  \\$aonline resource (714 seconds)
=490  0\$aBiology
=500  \\$aTitle from resource description page
=520  \\$aCellular ion transport can often be assessed by monitoring intracellular pH (pHi). Genetically Encoded pH-Indicators (GEpHIs) provide optical quantification of intracellular pH in intact cells. This protocol details the quantification of intracellular pH through cellular ex vivo live-imaging of Malpighian tubules of Drosophila melanogaster with pHerry, a pseudo-ratiometric genetically encoded pH-indicator.
=521  \\$aFor undergraduate, graduate, and professional students
=546  \\$aEnglish
=650  \0$aBiology
=856  40$uhttps://www.jove.com/video/55698
=945  \\$aThe Whole World

