=LDR  00942ngm a2200000i 4500
=001  JoVEBiology55996
=008  161201s2016\\\\xx\\\\\g\\\\\\s\\\\\eng\d
=035  \\$a(OCoLC)733445860
=040  \\$aVaAlASP$cVaAlASP
=100  1\$aTie,Hieng Chiong
=245  12$aQuantitative Localization of a Golgi Protein by Imaging Its Center of Fluorescence Mass$h[electronic resource]
=260  \\$aCambridge, MA$bMyJoVE Corp$c2016
=300  \\$aonline resource (788 seconds)
=490  0\$aBiology
=500  \\$aTitle from resource description page
=520  \\$aThe precise localization of Golgi residents is essential for understanding the cellular functions of the Golgi. However, conventional optical microscopy is unable to resolve the sub-Golgi structure. Here we describe the protocol for a conventional microscopy based super-resolution method to quantitatively determine the sub-Golgi localization of a protein.
=521  \\$aFor undergraduate, graduate, and professional students
=546  \\$aEnglish
=650  \0$aBiology
=856  40$uhttps://www.jove.com/video/55996
=945  \\$aThe Whole World

