=LDR  00693ngm a2200000i 4500
=001  JoVEBiology56069
=008  161201s2016\\\\xx\\\\\g\\\\\\s\\\\\eng\d
=035  \\$a(OCoLC)733445860
=040  \\$aVaAlASP$cVaAlASP
=100  1\$aByers,James  S.
=245  12$aHigh-throughput Screening for Protein-based Inheritance in S. cerevisiae$h[electronic resource]
=260  \\$aCambridge, MA$bMyJoVE Corp$c2016
=300  \\$aonline resource (492 seconds)
=490  0\$aBiology
=500  \\$aTitle from resource description page
=520  \\$aThis protocol describes a high-throughput methodology to functionally screen for protein-based inheritance in S. cerevisiae.
=521  \\$aFor undergraduate, graduate, and professional students
=546  \\$aEnglish
=650  \0$aBiology
=856  40$uhttps://www.jove.com/video/56069
=945  \\$aThe Whole World

