=LDR  00957ngm a2200000i 4500
=001  JoVEMedicine56015
=008  161201s2016\\\\xx\\\\\g\\\\\\s\\\\\eng\d
=035  \\$a(OCoLC)733445860
=040  \\$aVaAlASP$cVaAlASP
=100  1\$aWang,Mei
=245  12$aApplication of Granger Causality Analysis of the Directed Functional Connection in Alzheimer's Disease and Mild Cognitive Impairment$h[electronic resource]
=260  \\$aCambridge, MA$bMyJoVE Corp$c2016
=300  \\$aonline resource (523 seconds)
=490  0\$aMedicine
=500  \\$aTitle from resource description page
=520  \\$aBased on resting-state functional magnetic resonance imaging with Granger causality analysis, we investigated the alterations in the directed functional connectivity between the posterior cingulate cortex and whole brain in patients with Alzheimer's Disease (AD), patients with Mild Cognitive Impairment (MCI), and healthy controls.
=521  \\$aFor undergraduate, graduate, and professional students
=546  \\$aEnglish
=650  \0$aMedicine
=856  40$uhttps://www.jove.com/video/56015
=945  \\$aThe Whole World

