=LDR  00870ngm a2200000i 4500
=001  JoVEMedicine55841
=008  161201s2016\\\\xx\\\\\g\\\\\\s\\\\\eng\d
=035  \\$a(OCoLC)733445860
=040  \\$aVaAlASP$cVaAlASP
=100  1\$aLeuning,Daniëlle G.
=245  12$aA Novel Clinical Grade Isolation Method for Human Kidney Perivascular Stromal Cells$h[electronic resource]
=260  \\$aCambridge, MA$bMyJoVE Corp$c2016
=300  \\$aonline resource (545 seconds)
=490  0\$aMedicine
=500  \\$aTitle from resource description page
=520  \\$aHere we present a novel clinical grade isolation and culture method for kidney Perivascular Stromal Cells (kPSCs) based on whole organ perfusion with digestive enzymes and NG2-cell enrichment. With this method, it is possible to acquire sufficient cell numbers for cellular therapy.
=521  \\$aFor undergraduate, graduate, and professional students
=546  \\$aEnglish
=650  \0$aMedicine
=856  40$uhttps://www.jove.com/video/55841
=945  \\$aThe Whole World

