=LDR  00916ngm a2200000i 4500
=001  JoVEMedicine54539
=008  161201s2016\\\\xx\\\\\g\\\\\\s\\\\\eng\d
=035  \\$a(OCoLC)733445860
=040  \\$aVaAlASP$cVaAlASP
=100  1\$aKato,Yuka
=245  12$aCreation and Transplantation of an Adipose-derived Stem Cell (ASC) Sheet in a Diabetic Wound-healing Model$h[electronic resource]
=260  \\$aCambridge, MA$bMyJoVE Corp$c2016
=300  \\$aonline resource (486 seconds)
=490  0\$aMedicine
=500  \\$aTitle from resource description page
=520  \\$aAdipose-derived stem cells (ASCs) are easily isolated and harvested from the fat of normal rats. ASC sheets can be created using cell-sheet engineering and can be transplanted into Zucker diabetic fatty rats exhibiting full-thickness skin defects with exposed bone and then covered with a bilayer of artificial skin.
=521  \\$aFor undergraduate, graduate, and professional students
=546  \\$aEnglish
=650  \0$aMedicine
=856  40$uhttps://www.jove.com/video/54539
=945  \\$aThe Whole World

