=LDR  00874ngm a2200000i 4500
=001  JoVEMedicine55847
=008  161201s2016\\\\xx\\\\\g\\\\\\s\\\\\eng\d
=035  \\$a(OCoLC)733445860
=040  \\$aVaAlASP$cVaAlASP
=100  1\$aHolme,Ane   M.
=245  12$aThe 4-vessel Sampling Approach to Integrative Studies of Human Placental Physiology In Vivo$h[electronic resource]
=260  \\$aCambridge, MA$bMyJoVE Corp$c2016
=300  \\$aonline resource (737 seconds)
=490  0\$aMedicine
=500  \\$aTitle from resource description page
=520  \\$aWe present a detailed method to study human placental physiology in vivo at term. The method combines blood sampling from the incoming and outgoing vessels on the maternal and fetal sides of the placenta with ultrasound measurements of volume blood flow and placental tissue sampling.
=521  \\$aFor undergraduate, graduate, and professional students
=546  \\$aEnglish
=650  \0$aMedicine
=856  40$uhttps://www.jove.com/video/55847
=945  \\$aThe Whole World

