=LDR  00777ngm a2200000i 4500
=001  JoVEMedicine56025
=008  161201s2016\\\\xx\\\\\g\\\\\\s\\\\\eng\d
=035  \\$a(OCoLC)733445860
=040  \\$aVaAlASP$cVaAlASP
=100  1\$aYuan,Jessica  X.
=245  12$aQuantitative Immunohistochemistry of the Cellular Microenvironment in Patient Glioblastoma Resections$h[electronic resource]
=260  \\$aCambridge, MA$bMyJoVE Corp$c2016
=300  \\$aonline resource (345 seconds)
=490  0\$aMedicine
=500  \\$aTitle from resource description page
=520  \\$aThis protocol was developed to quantitatively identify tumor microenvironment components in glioblastoma patient resections using chromogenic immunohistochemistry and ImageJ. 
=521  \\$aFor undergraduate, graduate, and professional students
=546  \\$aEnglish
=650  \0$aMedicine
=856  40$uhttps://www.jove.com/video/56025
=945  \\$aThe Whole World

