=LDR  00726ngm a2200000i 4500
=001  JoVEMedicine55706
=008  161201s2016\\\\xx\\\\\g\\\\\\s\\\\\eng\d
=035  \\$a(OCoLC)733445860
=040  \\$aVaAlASP$cVaAlASP
=100  1\$aUrbankova,Iva
=245  12$aTransvaginal Mesh Insertion in the Ovine Model$h[electronic resource]
=260  \\$aCambridge, MA$bMyJoVE Corp$c2016
=300  \\$aonline resource (632 seconds)
=490  0\$aMedicine
=500  \\$aTitle from resource description page
=520  \\$aThis protocol describes mesh implantation in the ovine rectovaginal septum using a single vaginal incision technique, with and without the trocar-guided insertion of anchoring arms. 
=521  \\$aFor undergraduate, graduate, and professional students
=546  \\$aEnglish
=650  \0$aMedicine
=856  40$uhttps://www.jove.com/video/55706
=945  \\$aThe Whole World

