=LDR  00974ngm a2200000i 4500
=001  JoVEMedicine56075
=008  161201s2016\\\\xx\\\\\g\\\\\\s\\\\\eng\d
=035  \\$a(OCoLC)733445860
=040  \\$aVaAlASP$cVaAlASP
=100  1\$aYang,Hong
=245  12$aScreening Bioactive Nanoparticles in Phagocytic Immune Cells for Inhibitors of Toll-like Receptor Signaling$h[electronic resource]
=260  \\$aCambridge, MA$bMyJoVE Corp$c2016
=300  \\$aonline resource (591 seconds)
=490  0\$aMedicine
=500  \\$aTitle from resource description page
=520  \\$aToll-like receptor (TLR) signaling plays an important role in the pathophysiology of many human inflammatory diseases, and regulating TLR responses by bioactive nanoparticles is anticipated to be beneficial in many inflammatory conditions. THP-1 cell-based reporter cells provide a versatile and robust screening platform for identifying novel inhibitors of TLR signaling. 
=521  \\$aFor undergraduate, graduate, and professional students
=546  \\$aEnglish
=650  \0$aMedicine
=856  40$uhttps://www.jove.com/video/56075
=945  \\$aThe Whole World

