=LDR  00797ngm a2200000i 4500
=001  JoVEBiology56053
=008  161201s2016\\\\xx\\\\\g\\\\\\s\\\\\eng\d
=035  \\$a(OCoLC)733445860
=040  \\$aVaAlASP$cVaAlASP
=100  1\$aBäuerl,Chrstine
=245  12$aA Method to Assess Bacteriocin Effects on the Gut Microbiota of Mice$h[electronic resource]
=260  \\$aCambridge, MA$bMyJoVE Corp$c2016
=300  \\$aonline resource (474 seconds)
=490  0\$aBiology
=500  \\$aTitle from resource description page
=520  \\$aBacteriocins are believed to play a key role in defining microbial diversity in different ecological niches. Here, we describe an efficient procedure to assess how bacteriocins affect gut microbiota composition in an animal model. 
=521  \\$aFor undergraduate, graduate, and professional students
=546  \\$aEnglish
=650  \0$aBiology
=856  40$uhttps://www.jove.com/video/56053
=945  \\$aThe Whole World

