=LDR  00830ngm a2200000i 4500
=001  JoVEMedicine55887
=008  161201s2016\\\\xx\\\\\g\\\\\\s\\\\\eng\d
=035  \\$a(OCoLC)733445860
=040  \\$aVaAlASP$cVaAlASP
=100  1\$aChen,Hao
=245  12$aTubal Cytology of the Fallopian Tube as a Promising Tool for Ovarian Cancer Early Detection$h[electronic resource]
=260  \\$aCambridge, MA$bMyJoVE Corp$c2016
=300  \\$aonline resource (489 seconds)
=490  0\$aMedicine
=500  \\$aTitle from resource description page
=520  \\$aWe explored a tubal cytologic method by sampling the fallopian tube directly post-surgical excision as a tool of ovarian cancer early detection. Here, we present a protocol to collect fallopian tube cells from freshly received surgical specimens.
=521  \\$aFor undergraduate, graduate, and professional students
=546  \\$aEnglish
=650  \0$aMedicine
=856  40$uhttps://www.jove.com/video/55887
=945  \\$aThe Whole World

