=LDR  00989ngm a2200000i 4500
=001  JoVEBiology55955
=008  161201s2016\\\\xx\\\\\g\\\\\\s\\\\\eng\d
=035  \\$a(OCoLC)733445860
=040  \\$aVaAlASP$cVaAlASP
=100  1\$aNathoo,Naeem
=245  12$aA Hydroponic Co-cultivation System for Simultaneous and Systematic Analysis of Plant/Microbe Molecular Interactions and Signaling$h[electronic resource]
=260  \\$aCambridge, MA$bMyJoVE Corp$c2016
=300  \\$aonline resource (676 seconds)
=490  0\$aBiology
=500  \\$aTitle from resource description page
=520  \\$aThe described hydroponic cocultivation system supports intact plants with metal mesh screens and cocultivates them with bacteria. Plant tissue, bacteria, and secreted molecules can then be separately harvested for downstream analyses, simultaneously allowing for the molecular responses of both plant hosts and interacting microbes or microbiomes to be investigated.
=521  \\$aFor undergraduate, graduate, and professional students
=546  \\$aEnglish
=650  \0$aBiology
=856  40$uhttps://www.jove.com/video/55955
=945  \\$aThe Whole World

