=LDR  00822ngm a2200000i 4500
=001  JoVEMedicine55814
=008  161201s2016\\\\xx\\\\\g\\\\\\s\\\\\eng\d
=035  \\$a(OCoLC)733445860
=040  \\$aVaAlASP$cVaAlASP
=100  1\$aHwang,Jin-Young
=245  12$aReproducible Motor Deficit Following Aortic Occlusion in a Rat Model Of Spinal Cord Ischemia$h[electronic resource]
=260  \\$aCambridge, MA$bMyJoVE Corp$c2016
=300  \\$aonline resource (490 seconds)
=490  0\$aMedicine
=500  \\$aTitle from resource description page
=520  \\$aThis study demonstrates the technique to make a minimally invasive and easily reproducible model of spinal cord ischemia in rats. Various degrees of hind limb motor deficit can be produced by controlling the aortic occlusion time.
=521  \\$aFor undergraduate, graduate, and professional students
=546  \\$aEnglish
=650  \0$aMedicine
=856  40$uhttps://www.jove.com/video/55814
=945  \\$aThe Whole World

