=LDR  00906ngm a2200000i 4500
=001  JoVEBiology55637
=008  161201s2016\\\\xx\\\\\g\\\\\\s\\\\\eng\d
=035  \\$a(OCoLC)733445860
=040  \\$aVaAlASP$cVaAlASP
=100  1\$aPugsley,Haley  R.
=245  12$aAssessing Autophagic Flux by Measuring LC3, p62, and LAMP1 Co-localization Using Multispectral Imaging Flow Cytometry$h[electronic resource]
=260  \\$aCambridge, MA$bMyJoVE Corp$c2016
=300  \\$aonline resource (699 seconds)
=490  0\$aBiology
=500  \\$aTitle from resource description page
=520  \\$aHere, multispectral imaging flow cytometry with an analytical feature that compares bright detail images of 3 autophagy markers and quantifies their co-localization, along with LC3 spot counting, was used to measure autophagy in an objective, quantitative, and statistically robust manner. 
=521  \\$aFor undergraduate, graduate, and professional students
=546  \\$aEnglish
=650  \0$aBiology
=856  40$uhttps://www.jove.com/video/55637
=945  \\$aThe Whole World

