=LDR  00986ngm a2200000i 4500
=001  JoVEMedicine53557
=008  161201s2016\\\\xx\\\\\g\\\\\\s\\\\\eng\d
=035  \\$a(OCoLC)733445860
=040  \\$aVaAlASP$cVaAlASP
=100  1\$aParker,Jonathon  J.
=245  12$aA Human Glioblastoma Organotypic Slice Culture Model for Study of Tumor Cell Migration and Patient-specific Effects of Anti-Invasive Drugs$h[electronic resource]
=260  \\$aCambridge, MA$bMyJoVE Corp$c2016
=300  \\$aonline resource (515 seconds)
=490  0\$aMedicine
=500  \\$aTitle from resource description page
=520  \\$aCurrent ex vivo models of glioblastoma (GBM) are not optimized for physiologically relevant study of human tumor invasion. Here, we present a protocol for generation and maintenance of organotypic slice cultures from fresh human GBM tissue. A description of time-lapse microscopy and quantitative cell migration analysis techniques is provided.
=521  \\$aFor undergraduate, graduate, and professional students
=546  \\$aEnglish
=650  \0$aMedicine
=856  40$uhttps://www.jove.com/video/53557
=945  \\$aThe Whole World

