=LDR  00854ngm a2200000i 4500
=001  JoVEMedicine54649
=008  161201s2016\\\\xx\\\\\g\\\\\\s\\\\\eng\d
=035  \\$a(OCoLC)733445860
=040  \\$aVaAlASP$cVaAlASP
=100  1\$aGupta,Karishma
=245  12$aIntrarenal Injection of Escherichia coli in a Rat Model of Pyelonephritis$h[electronic resource]
=260  \\$aCambridge, MA$bMyJoVE Corp$c2016
=300  \\$aonline resource (369 seconds)
=490  0\$aMedicine
=500  \\$aTitle from resource description page
=520  \\$aThis manuscript describes a rat surgical model of pyelonephritis using direct intra-renal infection by Escherichia coli into the renal pelvis. The experimental procedure can be utilized to study the pathogenesis of pyelonephritis as well as the associated inflammation and fibrosis.
=521  \\$aFor undergraduate, graduate, and professional students
=546  \\$aEnglish
=650  \0$aMedicine
=856  40$uhttps://www.jove.com/video/54649
=945  \\$aThe Whole World

