=LDR  00717ngm a2200000i 4500
=001  JoVEBiology56030
=008  161201s2016\\\\xx\\\\\g\\\\\\s\\\\\eng\d
=035  \\$a(OCoLC)733445860
=040  \\$aVaAlASP$cVaAlASP
=100  1\$aCao,Cui
=245  12$aDetermination of Sialic Acids in Liver and Milk Samples of Wild-type and CMAH Knock-out Mice.$h[electronic resource]
=260  \\$aCambridge, MA$bMyJoVE Corp$c2016
=300  \\$aonline resource (484 seconds)
=490  0\$aBiology
=500  \\$aTitle from resource description page
=520  \\$aWe describe a HPLC-based method for the determination of N-acetylneuraminic acid and N-glycolylenuraminic acid in mouse liver and milk.
=521  \\$aFor undergraduate, graduate, and professional students
=546  \\$aEnglish
=650  \0$aBiology
=856  40$uhttps://www.jove.com/video/56030
=945  \\$aThe Whole World

