=LDR  00949ngm a2200000i 4500
=001  JoVEBiology56027
=008  161201s2016\\\\xx\\\\\g\\\\\\s\\\\\eng\d
=035  \\$a(OCoLC)733445860
=040  \\$aVaAlASP$cVaAlASP
=100  1\$aLi,Fengwu
=245  12$aIsolation and Culture of Primary Mouse Keratinocytes from Neonatal and Adult Mouse Skin$h[electronic resource]
=260  \\$aCambridge, MA$bMyJoVE Corp$c2016
=300  \\$aonline resource (651 seconds)
=490  0\$aBiology
=500  \\$aTitle from resource description page
=520  \\$aEpidermal keratinocytes form a functional skin barrier and are positioned at the front line of host defense against external environmental insults. Here we describe methods for isolation and primary culture of epidermal keratinocytes from neonatal and adult mouse skin, and induction of terminal differentiation and UVB-triggered inflammatory response from keratinocytes.
=521  \\$aFor undergraduate, graduate, and professional students
=546  \\$aEnglish
=650  \0$aBiology
=856  40$uhttps://www.jove.com/video/56027
=945  \\$aThe Whole World

