=LDR  00750ngm a2200000i 4500
=001  JoVEBiology55653
=008  161201s2016\\\\xx\\\\\g\\\\\\s\\\\\eng\d
=035  \\$a(OCoLC)733445860
=040  \\$aVaAlASP$cVaAlASP
=100  1\$aSaha,Tanumoy
=245  12$aA Graphical User Interface for Software-assisted Tracking of Protein Concentration in Dynamic Cellular Protrusions$h[electronic resource]
=260  \\$aCambridge, MA$bMyJoVE Corp$c2016
=300  \\$aonline resource (492 seconds)
=490  0\$aBiology
=500  \\$aTitle from resource description page
=520  \\$aWe present a software solution for semi-automated tracking of relative protein concentration along the length of dynamic cellular protrusions.
=521  \\$aFor undergraduate, graduate, and professional students
=546  \\$aEnglish
=650  \0$aBiology
=856  40$uhttps://www.jove.com/video/55653
=945  \\$aThe Whole World

