=LDR  00828ngm a2200000i 4500
=001  JoVEBiology55658
=008  161201s2016\\\\xx\\\\\g\\\\\\s\\\\\eng\d
=035  \\$a(OCoLC)733445860
=040  \\$aVaAlASP$cVaAlASP
=100  1\$aBarendrecht,Arjan  D.
=245  12$aLive-cell Imaging of Platelet Degranulation and Secretion Under Flow$h[electronic resource]
=260  \\$aCambridge, MA$bMyJoVE Corp$c2016
=300  \\$aonline resource (702 seconds)
=490  0\$aBiology
=500  \\$aTitle from resource description page
=520  \\$aThis work describes a fluorescence microscopy-based method for the study of platelet adhesion, spreading, and secretion under flow. This versatile platform enables the investigation of platelet function for mechanistic research on thrombosis and hemostasis.
=521  \\$aFor undergraduate, graduate, and professional students
=546  \\$aEnglish
=650  \0$aBiology
=856  40$uhttps://www.jove.com/video/55658
=945  \\$aThe Whole World

