=LDR  00863ngm a2200000i 4500
=001  JoVEMedicine56006
=008  161201s2016\\\\xx\\\\\g\\\\\\s\\\\\eng\d
=035  \\$a(OCoLC)733445860
=040  \\$aVaAlASP$cVaAlASP
=100  1\$aLoro,Emanuele
=245  12$aIn Vivo Evaluation of the Mechanical and Viscoelastic Properties of the Rat Tongue$h[electronic resource]
=260  \\$aCambridge, MA$bMyJoVE Corp$c2016
=300  \\$aonline resource (419 seconds)
=490  0\$aMedicine
=500  \\$aTitle from resource description page
=520  \\$aWe describe a surgical procedure in an anesthetized rat model for determining the muscle tone and viscoelastic properties of the tongue. The procedure involves specific stimulation of the hypoglossal nerves and application of passive Lissajous force/deformation curves to the muscle.
=521  \\$aFor undergraduate, graduate, and professional students
=546  \\$aEnglish
=650  \0$aMedicine
=856  40$uhttps://www.jove.com/video/56006
=945  \\$aThe Whole World

