=LDR  00817ngm a2200000i 4500
=001  JoVEMedicine55958
=008  161201s2016\\\\xx\\\\\g\\\\\\s\\\\\eng\d
=035  \\$a(OCoLC)733445860
=040  \\$aVaAlASP$cVaAlASP
=100  1\$aNazari Khanamiri,Hossein
=245  12$aSmartphone Fundus Photography$h[electronic resource]
=260  \\$aCambridge, MA$bMyJoVE Corp$c2016
=300  \\$aonline resource (351 seconds)
=490  0\$aMedicine
=500  \\$aTitle from resource description page
=520  \\$aFundus photography normally requires specialized fundus cameras that are not always available in all clinical settings. Here, a simple method to record ocular fundus images using a smartphone camera and a conventional high-plus handheld indirect ophthalmoscopy lens is described.
=521  \\$aFor undergraduate, graduate, and professional students
=546  \\$aEnglish
=650  \0$aMedicine
=856  40$uhttps://www.jove.com/video/55958
=945  \\$aThe Whole World

