=LDR  01001ngm a2200000i 4500
=001  JoVEMedicine55518
=008  161201s2016\\\\xx\\\\\g\\\\\\s\\\\\eng\d
=035  \\$a(OCoLC)733445860
=040  \\$aVaAlASP$cVaAlASP
=100  1\$aAndersson,Eva A.
=245  12$aImproving Strength, Power, Muscle Aerobic Capacity, and Glucose Tolerance through Short-term Progressive Strength Training Among Elderly People$h[electronic resource]
=260  \\$aCambridge, MA$bMyJoVE Corp$c2016
=300  \\$aonline resource (779 seconds)
=490  0\$aMedicine
=500  \\$aTitle from resource description page
=520  \\$aThe effect of short-term resistance training on elderly people was investigated through the simultaneous use of several methods. Compared to a control group, many improvements were seen, including on muscle aerobic capacity, glucose tolerance, strength, power, and muscle quality (i.e., protein involved in cell signaling and muscle fiber type composition).
=521  \\$aFor undergraduate, graduate, and professional students
=546  \\$aEnglish
=650  \0$aMedicine
=856  40$uhttps://www.jove.com/video/55518
=945  \\$aThe Whole World

