=LDR  00949ngm a2200000i 4500
=001  JoVEMedicine55571
=008  161201s2016\\\\xx\\\\\g\\\\\\s\\\\\eng\d
=035  \\$a(OCoLC)733445860
=040  \\$aVaAlASP$cVaAlASP
=100  1\$aErickson,Christopher  B.
=245  12$aA Rat Tibial Growth Plate Injury Model to Characterize Repair Mechanisms and Evaluate Growth Plate Regeneration Strategies$h[electronic resource]
=260  \\$aCambridge, MA$bMyJoVE Corp$c2016
=300  \\$aonline resource (413 seconds)
=490  0\$aMedicine
=500  \\$aTitle from resource description page
=520  \\$aThe growth plate is a cartilaginous region in children's long bones where longitudinal growth occurs. When injured, bony tissue can form and impair growth. We describe a rat model of growth plate injury that leads to bony repair tissue, allowing the study of repair mechanisms and growth plate regeneration strategies.
=521  \\$aFor undergraduate, graduate, and professional students
=546  \\$aEnglish
=650  \0$aMedicine
=856  40$uhttps://www.jove.com/video/55571
=945  \\$aThe Whole World

