=LDR  00919ngm a2200000i 4500
=001  JoVEBiology55879
=008  161201s2016\\\\xx\\\\\g\\\\\\s\\\\\eng\d
=035  \\$a(OCoLC)733445860
=040  \\$aVaAlASP$cVaAlASP
=100  1\$aHerricks,Thurston
=245  12$aODELAY: A Large-scale Method for Multi-parameter Quantification of Yeast Growth$h[electronic resource]
=260  \\$aCambridge, MA$bMyJoVE Corp$c2016
=300  \\$aonline resource (679 seconds)
=490  0\$aBiology
=500  \\$aTitle from resource description page
=520  \\$aWe present a method for quantifying growth phenotypes of individual yeast cells as they grow into colonies on solid media using time-lapse microscopy termed, One-cell Doubling Evaluation of Living Arrays of Yeast (ODELAY). Population heterogeneity of genetically identical cells growing into colonies can be directly observed and quantified.
=521  \\$aFor undergraduate, graduate, and professional students
=546  \\$aEnglish
=650  \0$aBiology
=856  40$uhttps://www.jove.com/video/55879
=945  \\$aThe Whole World

