=LDR  00899ngm a2200000i 4500
=001  JoVEMedicine55495
=008  161201s2016\\\\xx\\\\\g\\\\\\s\\\\\eng\d
=035  \\$a(OCoLC)733445860
=040  \\$aVaAlASP$cVaAlASP
=100  1\$aAgrawal,Rupesh
=245  12$aFluorescent Dye Labeling of Erythrocytes and Leukocytes for Studying the Flow Dynamics in Mouse Retinal Circulation$h[electronic resource]
=260  \\$aCambridge, MA$bMyJoVE Corp$c2016
=300  \\$aonline resource (485 seconds)
=490  0\$aMedicine
=500  \\$aTitle from resource description page
=520  \\$aLive-cell imaging of the labeled blood cells in ocular circulation can provide information about inflammation and ischemia in diabetic retinopathy and age-related macular degeneration. A protocol to label blood cells and image the labeled cells in the retinal circulation is described.
=521  \\$aFor undergraduate, graduate, and professional students
=546  \\$aEnglish
=650  \0$aMedicine
=856  40$uhttps://www.jove.com/video/55495
=945  \\$aThe Whole World

