=LDR  00919ngm a2200000i 4500
=001  JoVEBiology55844
=008  161201s2016\\\\xx\\\\\g\\\\\\s\\\\\eng\d
=035  \\$a(OCoLC)733445860
=040  \\$aVaAlASP$cVaAlASP
=100  1\$aGarvey,Colleen  M.
=245  12$aDiscrimination and Characterization of Heterocellular Populations Using Quantitative Imaging Techniques$h[electronic resource]
=260  \\$aCambridge, MA$bMyJoVE Corp$c2016
=300  \\$aonline resource (588 seconds)
=490  0\$aBiology
=500  \\$aTitle from resource description page
=520  \\$aWe have developed a novel protocol for studying heterocellular population dynamics in response to perturbations. This manuscript describes an imaging-based platform that produces quantitative datasets for simultaneous characterization of multiple cellular phenotypes of heterocellular populations in a robust manner.
=521  \\$aFor undergraduate, graduate, and professional students
=546  \\$aEnglish
=650  \0$aBiology
=856  40$uhttps://www.jove.com/video/55844
=945  \\$aThe Whole World

