=LDR  00862ngm a2200000i 4500
=001  JoVEBiology54326
=008  161201s2016\\\\xx\\\\\g\\\\\\s\\\\\eng\d
=035  \\$a(OCoLC)733445860
=040  \\$aVaAlASP$cVaAlASP
=100  1\$aMiura,Yoko
=245  12$aContinuous-wave Thulium Laser for Heating Cultured Cells to Investigate Cellular Thermal Effects$h[electronic resource]
=260  \\$aCambridge, MA$bMyJoVE Corp$c2016
=300  \\$aonline resource (589 seconds)
=490  0\$aBiology
=500  \\$aTitle from resource description page
=520  \\$aAn original experimental setup for heating cells in a culture dish using 1.94 µm continuous-wave laser radiation is introduced here. Using this method, the biological responses of retinal pigment epithelial (RPE) cells after different thermal exposures can be investigated.
=521  \\$aFor undergraduate, graduate, and professional students
=546  \\$aEnglish
=650  \0$aBiology
=856  40$uhttps://www.jove.com/video/54326
=945  \\$aThe Whole World

