=LDR  00872ngm a2200000i 4500
=001  JoVEBiology55743
=008  161201s2016\\\\xx\\\\\g\\\\\\s\\\\\eng\d
=035  \\$a(OCoLC)733445860
=040  \\$aVaAlASP$cVaAlASP
=100  1\$aChanon,Stephanie
=245  12$aGlucose Uptake Measurement and Response to Insulin Stimulation in In Vitro Cultured Human Primary Myotubes$h[electronic resource]
=260  \\$aCambridge, MA$bMyJoVE Corp$c2016
=300  \\$aonline resource (483 seconds)
=490  0\$aBiology
=500  \\$aTitle from resource description page
=520  \\$aIn this method, human primary muscle cells are cultured in vitro to obtain differentiated myotubes and glucose uptake rates are measured. We provide a detailed protocol to quantify rates in basal and insulin-stimulated states using radiolabeled [3H] 2-deoxy-D-Glucose.
=521  \\$aFor undergraduate, graduate, and professional students
=546  \\$aEnglish
=650  \0$aBiology
=856  40$uhttps://www.jove.com/video/55743
=945  \\$aThe Whole World

