=LDR  00886ngm a2200000i 4500
=001  JoVEBiology55526
=008  161201s2016\\\\xx\\\\\g\\\\\\s\\\\\eng\d
=035  \\$a(OCoLC)733445860
=040  \\$aVaAlASP$cVaAlASP
=100  1\$aSantillán,Orlando
=245  12$aCAPRRESI: Chimera Assembly by Plasmid Recovery and Restriction Enzyme Site Insertion$h[electronic resource]
=260  \\$aCambridge, MA$bMyJoVE Corp$c2016
=300  \\$aonline resource (457 seconds)
=490  0\$aBiology
=500  \\$aTitle from resource description page
=520  \\$aHere, we present chimera assembly by plasmid recovery and restriction enzyme site insertion (CAPRRESI), a protocol based on the insertion of restriction enzyme sites into synonym DNA sequences and functional plasmid recovery. This protocol is a fast and low-cost method for fusing protein-coding genes.
=521  \\$aFor undergraduate, graduate, and professional students
=546  \\$aEnglish
=650  \0$aBiology
=856  40$uhttps://www.jove.com/video/55526
=945  \\$aThe Whole World

