=LDR  00934ngm a2200000i 4500
=001  JoVEMedicine55849
=008  161201s2016\\\\xx\\\\\g\\\\\\s\\\\\eng\d
=035  \\$a(OCoLC)733445860
=040  \\$aVaAlASP$cVaAlASP
=100  1\$aTan,Kezhe
=245  12$aThe Inverted Heart Model for Interstitial Transudate Collection from the Isolated Rat Heart$h[electronic resource]
=260  \\$aCambridge, MA$bMyJoVE Corp$c2016
=300  \\$aonline resource (479 seconds)
=490  0\$aMedicine
=500  \\$aTitle from resource description page
=520  \\$aThis protocol describes a method to collect cardiac interstitial fluid from the isolated, perfused rat heart. To physically separate interstitial transudate from coronary venous effluent perfusate, the Langendorff perfused heart is inverted, and the transudate (interstitial fluid) formed on the cardiac surface is collected using a soft latex cap. 
=521  \\$aFor undergraduate, graduate, and professional students
=546  \\$aEnglish
=650  \0$aMedicine
=856  40$uhttps://www.jove.com/video/55849
=945  \\$aThe Whole World

