=LDR  00825ngm a2200000i 4500
=001  JoVEMedicine55846
=008  161201s2016\\\\xx\\\\\g\\\\\\s\\\\\eng\d
=035  \\$a(OCoLC)733445860
=040  \\$aVaAlASP$cVaAlASP
=100  1\$aThomas,Riya
=245  12$aIn Vitro Assays to Assess Blood-brain Barrier Mesh-like Vessel Formation and Disruption$h[electronic resource]
=260  \\$aCambridge, MA$bMyJoVE Corp$c2016
=300  \\$aonline resource (636 seconds)
=490  0\$aMedicine
=500  \\$aTitle from resource description page
=520  \\$aMaintaining blood-brain barrier coverage is key for the homeostasis of the central nervous system. This protocol describes in vitro techniques to delineate the fundamental and pathological processes that modulate blood-brain barrier coverage.
=521  \\$aFor undergraduate, graduate, and professional students
=546  \\$aEnglish
=650  \0$aMedicine
=856  40$uhttps://www.jove.com/video/55846
=945  \\$aThe Whole World

