=LDR  00905ngm a2200000i 4500
=001  JoVEMedicine55713
=008  161201s2016\\\\xx\\\\\g\\\\\\s\\\\\eng\d
=035  \\$a(OCoLC)733445860
=040  \\$aVaAlASP$cVaAlASP
=100  1\$aMain,Bevan  S.
=245  12$aA Mouse Model of Single and Repetitive Mild Traumatic Brain Injury$h[electronic resource]
=260  \\$aCambridge, MA$bMyJoVE Corp$c2016
=300  \\$aonline resource (259 seconds)
=490  0\$aMedicine
=500  \\$aTitle from resource description page
=520  \\$aAthletes absorb several hundred mild traumatic brain injuries (mTBI)/concussions every year; however, the consequence of these on the brain is poorly understood. Therefore, an animal model of single and repetitive mTBI that consistently replicates clinically relevant symptoms provides the means to advance the study of mTBI and concussion.
=521  \\$aFor undergraduate, graduate, and professional students
=546  \\$aEnglish
=650  \0$aMedicine
=856  40$uhttps://www.jove.com/video/55713
=945  \\$aThe Whole World

