=LDR  00923ngm a2200000i 4500
=001  JoVEBiology55870
=008  161201s2016\\\\xx\\\\\g\\\\\\s\\\\\eng\d
=035  \\$a(OCoLC)733445860
=040  \\$aVaAlASP$cVaAlASP
=100  1\$aLemcke,Heiko
=245  12$aAnalysis of the Gap Junction-dependent Transfer of miRNA with 3D-FRAP Microscopy$h[electronic resource]
=260  \\$aCambridge, MA$bMyJoVE Corp$c2016
=300  \\$aonline resource (386 seconds)
=490  0\$aBiology
=500  \\$aTitle from resource description page
=520  \\$aHere, we describe the application of three-dimensional fluorescence recovery after photobleaching (3D-FRAP) for the analysis of the gap junction-dependent shuttling of miRNA. In contrast to commonly applied methods, 3D-FRAP allows for the quantification of the intercellular transfer of small RNAs in real time, with high spatio-temporal resolution.
=521  \\$aFor undergraduate, graduate, and professional students
=546  \\$aEnglish
=650  \0$aBiology
=856  40$uhttps://www.jove.com/video/55870
=945  \\$aThe Whole World

