=LDR  00856ngm a2200000i 4500
=001  JoVEBiology55819
=008  161201s2016\\\\xx\\\\\g\\\\\\s\\\\\eng\d
=035  \\$a(OCoLC)733445860
=040  \\$aVaAlASP$cVaAlASP
=100  1\$aDobretsov,Maxim
=245  12$aClock Scan Protocol for Image Analysis: ImageJ Plugins$h[electronic resource]
=260  \\$aCambridge, MA$bMyJoVE Corp$c2016
=300  \\$aonline resource (439 seconds)
=490  0\$aBiology
=500  \\$aTitle from resource description page
=520  \\$aThis paper describes two novel ImageJ plugins for 'Clock Scan' image analysis. These plugins expand the functionality of the original visual basic 6 program and, most importantly, make the program available to a large research community by bundling it with the ImageJ free image analysis software package.
=521  \\$aFor undergraduate, graduate, and professional students
=546  \\$aEnglish
=650  \0$aBiology
=856  40$uhttps://www.jove.com/video/55819
=945  \\$aThe Whole World

