=LDR  00829ngm a2200000i 4500
=001  JoVEBiology55809
=008  161201s2016\\\\xx\\\\\g\\\\\\s\\\\\eng\d
=035  \\$a(OCoLC)733445860
=040  \\$aVaAlASP$cVaAlASP
=100  1\$aZhu,Dan-Tong
=245  12$aMethods for the Extraction of Endosymbionts from the Whitefly Bemisia tabaci$h[electronic resource]
=260  \\$aCambridge, MA$bMyJoVE Corp$c2016
=300  \\$aonline resource (448 seconds)
=490  0\$aBiology
=500  \\$aTitle from resource description page
=520  \\$aHere, we present a protocol to isolate endosymbionts from the whitefly Bemisia tabaci through dissection and filtration. After amplification, the DNA samples are suitable for subsequent sequencing and study of the mutualism between endosymbionts and whitefly.
=521  \\$aFor undergraduate, graduate, and professional students
=546  \\$aEnglish
=650  \0$aBiology
=856  40$uhttps://www.jove.com/video/55809
=945  \\$aThe Whole World

