=LDR  00716ngm a2200000i 4500
=001  JoVEMedicine54988
=008  161201s2016\\\\xx\\\\\g\\\\\\s\\\\\eng\d
=035  \\$a(OCoLC)733445860
=040  \\$aVaAlASP$cVaAlASP
=100  1\$aWu,Xiangbing
=245  12$aA Tissue Displacement-based Contusive Spinal Cord Injury Model in Mice$h[electronic resource]
=260  \\$aCambridge, MA$bMyJoVE Corp$c2016
=300  \\$aonline resource (479 seconds)
=490  0\$aMedicine
=500  \\$aTitle from resource description page
=520  \\$aWe introduce a tissue displacement-based contusive spinal cord injury model that can produce a consistent contusive spinal cord injury in adult mice.
=521  \\$aFor undergraduate, graduate, and professional students
=546  \\$aEnglish
=650  \0$aMedicine
=856  40$uhttps://www.jove.com/video/54988
=945  \\$aThe Whole World

