=LDR  00786ngm a2200000i 4500
=001  JoVEBiology55740
=008  161201s2016\\\\xx\\\\\g\\\\\\s\\\\\eng\d
=035  \\$a(OCoLC)733445860
=040  \\$aVaAlASP$cVaAlASP
=100  1\$aSaltman,Anna  J.
=245  12$aDiI Perfusion as a Method for Vascular Visualization in Ambystoma mexicanum$h[electronic resource]
=260  \\$aCambridge, MA$bMyJoVE Corp$c2016
=300  \\$aonline resource (365 seconds)
=490  0\$aBiology
=500  \\$aTitle from resource description page
=520  \\$aUsing a lipophilic 1,1'-Dioctadecy-3,3,3',3'-tetramethylindocarbocyanine perchlorate (DiI) staining technique, Ambystoma mexicanum can undergo vascular perfusion to allow for easy visualization of the vasculature.
=521  \\$aFor undergraduate, graduate, and professional students
=546  \\$aEnglish
=650  \0$aBiology
=856  40$uhttps://www.jove.com/video/55740
=945  \\$aThe Whole World

