=LDR  00867ngm a2200000i 4500
=001  JoVEBiology55483
=008  161201s2016\\\\xx\\\\\g\\\\\\s\\\\\eng\d
=035  \\$a(OCoLC)733445860
=040  \\$aVaAlASP$cVaAlASP
=100  1\$aRen,Ke
=245  12$aUsing a Whole-mount Immunohistochemical Method to Study the Innervation of the Biliary Tract in Suncus murinus$h[electronic resource]
=260  \\$aCambridge, MA$bMyJoVE Corp$c2016
=300  \\$aonline resource (443 seconds)
=490  0\$aBiology
=500  \\$aTitle from resource description page
=520  \\$aA whole-mount immunohistochemical approach, to visualize neurofilament protein expression in the extrahepatic biliary tract in Suncus murinus. is presented here. This protocol can be used to analyze the innervation of all visceral organs in S. murinus or other species.
=521  \\$aFor undergraduate, graduate, and professional students
=546  \\$aEnglish
=650  \0$aBiology
=856  40$uhttps://www.jove.com/video/55483
=945  \\$aThe Whole World

