=LDR  00859ngm a2200000i 4500
=001  JoVEBiology55908
=008  161201s2016\\\\xx\\\\\g\\\\\\s\\\\\eng\d
=035  \\$a(OCoLC)733445860
=040  \\$aVaAlASP$cVaAlASP
=100  1\$aCastagnetti,Francesco
=245  12$aIn Situ Immunofluorescent Staining of Autophagy in Muscle Stem Cells$h[electronic resource]
=260  \\$aCambridge, MA$bMyJoVE Corp$c2016
=300  \\$aonline resource (515 seconds)
=490  0\$aBiology
=500  \\$aTitle from resource description page
=520  \\$aActive autophagy is associated with productive muscle regeneration, which is essential for Muscle Stem Cell (MuSC) activation. Here, we provide a protocol for the in situ detection of LC3, an autophagy marker in MyoD-positive MuSCs of muscle tissue sections from control and injured mice.
=521  \\$aFor undergraduate, graduate, and professional students
=546  \\$aEnglish
=650  \0$aBiology
=856  40$uhttps://www.jove.com/video/55908
=945  \\$aThe Whole World

