=LDR  00986ngm a2200000i 4500
=001  JoVEBiology55201
=008  161201s2016\\\\xx\\\\\g\\\\\\s\\\\\eng\d
=035  \\$a(OCoLC)733445860
=040  \\$aVaAlASP$cVaAlASP
=100  1\$aYu,Dan
=245  12$aMurine Aortic Crush Injury: An Efficient In Vivo Model of Smooth Muscle Cell Proliferation and Endothelial Function$h[electronic resource]
=260  \\$aCambridge, MA$bMyJoVE Corp$c2016
=300  \\$aonline resource (374 seconds)
=490  0\$aBiology
=500  \\$aTitle from resource description page
=520  \\$aRestenosis following cardiovascular procedures (bypass surgery, angioplasty, or stenting) is a significant problem reducing the durability of these procedures. An ideal therapy would inhibit smooth muscle cell (VSMC) proliferation while promoting regeneration of the endothelium. We describe a model for simultaneous assessment of VSMC proliferation and endothelial function in vivo.
=521  \\$aFor undergraduate, graduate, and professional students
=546  \\$aEnglish
=650  \0$aBiology
=856  40$uhttps://www.jove.com/video/55201
=945  \\$aThe Whole World

