=LDR  00999ngm a2200000i 4500
=001  JoVEMedicine55193
=008  161201s2016\\\\xx\\\\\g\\\\\\s\\\\\eng\d
=035  \\$a(OCoLC)733445860
=040  \\$aVaAlASP$cVaAlASP
=100  1\$aWhitaker,Emmett E.
=245  12$aUse of a Piglet Model for the Study of Anesthetic-induced Developmental Neurotoxicity (AIDN): A Translational Neuroscience Approach$h[electronic resource]
=260  \\$aCambridge, MA$bMyJoVE Corp$c2016
=300  \\$aonline resource (398 seconds)
=490  0\$aMedicine
=500  \\$aTitle from resource description page
=520  \\$aAnesthesia-induced developmental neurotoxicity (AIDN)  research has focused on rodents, which are not broadly applicable to humans. Non-human primate models are more relevant, but are cost-prohibitive and difficult to use for experimentation. The piglet, in contrast, is a clinically relevant, practical animal model ideal for the study of anesthetic neurotoxicity.
=521  \\$aFor undergraduate, graduate, and professional students
=546  \\$aEnglish
=650  \0$aMedicine
=856  40$uhttps://www.jove.com/video/55193
=945  \\$aThe Whole World

