=LDR  00814ngm a2200000i 4500
=001  JoVEMedicine55704
=008  161201s2016\\\\xx\\\\\g\\\\\\s\\\\\eng\d
=035  \\$a(OCoLC)733445860
=040  \\$aVaAlASP$cVaAlASP
=100  1\$aLandegger,Lukas  D.
=245  12$aNeonatal Murine Cochlear Explant Technique as an In Vitro Screening Tool in Hearing Research$h[electronic resource]
=260  \\$aCambridge, MA$bMyJoVE Corp$c2016
=300  \\$aonline resource (510 seconds)
=490  0\$aMedicine
=500  \\$aTitle from resource description page
=520  \\$aThe goal of this protocol is to demonstrate the preparation, culture, treatment, and immunostaining of neonatal murine cochlear explants. The technique can be utilized as an in vitro screening tool in hearing research.
=521  \\$aFor undergraduate, graduate, and professional students
=546  \\$aEnglish
=650  \0$aMedicine
=856  40$uhttps://www.jove.com/video/55704
=945  \\$aThe Whole World

