=LDR  00903ngm a2200000i 4500
=001  JoVEMedicine55612
=008  161201s2016\\\\xx\\\\\g\\\\\\s\\\\\eng\d
=035  \\$a(OCoLC)733445860
=040  \\$aVaAlASP$cVaAlASP
=100  1\$aHohenauer,Erich
=245  12$aNon-invasive Assessments of Subjective and Objective Recovery Characteristics Following an Exhaustive Jump Protocol$h[electronic resource]
=260  \\$aCambridge, MA$bMyJoVE Corp$c2016
=300  \\$aonline resource (501 seconds)
=490  0\$aMedicine
=500  \\$aTitle from resource description page
=520  \\$aThis protocol describes the procedure for non-invasive recovery assessments during a 72 h recovery period. This protocol induces muscular exhaustion of the frontal thighs using countermovement jumps and uses either local cold-cuff or thermoneutral-cuff application as a recovery modality.
=521  \\$aFor undergraduate, graduate, and professional students
=546  \\$aEnglish
=650  \0$aMedicine
=856  40$uhttps://www.jove.com/video/55612
=945  \\$aThe Whole World

