=LDR  00938ngm a2200000i 4500
=001  JoVEMedicine55485
=008  161201s2016\\\\xx\\\\\g\\\\\\s\\\\\eng\d
=035  \\$a(OCoLC)733445860
=040  \\$aVaAlASP$cVaAlASP
=100  1\$aFlueck,Joelle  L.
=245  12$aExperimental Protocol of a Three-minute, All-out Arm Crank Exercise Test in Spinal-cord Injured and Able-bodied Individuals$h[electronic resource]
=260  \\$aCambridge, MA$bMyJoVE Corp$c2016
=300  \\$aonline resource (452 seconds)
=490  0\$aMedicine
=500  \\$aTitle from resource description page
=520  \\$aWe present a protocol to test the aerobic and anaerobic power of the upper body muscles over a duration of 3 min in able-bodied as well as in paraplegic and tetraplegic individuals. The protocol presents specific modifications in its application for upper-body exercise in individuals with or without disability. 
=521  \\$aFor undergraduate, graduate, and professional students
=546  \\$aEnglish
=650  \0$aMedicine
=856  40$uhttps://www.jove.com/video/55485
=945  \\$aThe Whole World

