=LDR  00814ngm a2200000i 4500
=001  JoVEMedicine55334
=008  161201s2016\\\\xx\\\\\g\\\\\\s\\\\\eng\d
=035  \\$a(OCoLC)733445860
=040  \\$aVaAlASP$cVaAlASP
=100  1\$aHoffmann,Angelika
=245  12$aIn Vivo Tracking of Edema Development and Microvascular Pathology in a Model of Experimental Cerebral Malaria Using Magnetic Resonance Imaging$h[electronic resource]
=260  \\$aCambridge, MA$bMyJoVE Corp$c2016
=300  \\$aonline resource (544 seconds)
=490  0\$aMedicine
=500  \\$aTitle from resource description page
=520  \\$aWe describe a mouse model of experimental cerebral malaria and show how inflammatory and microvascular pathology can be tracked in vivo using magnetic resonance imaging. 
=521  \\$aFor undergraduate, graduate, and professional students
=546  \\$aEnglish
=650  \0$aMedicine
=856  40$uhttps://www.jove.com/video/55334
=945  \\$aThe Whole World

