=LDR  00916ngm a2200000i 4500
=001  JoVEMedicine55845
=008  161201s2016\\\\xx\\\\\g\\\\\\s\\\\\eng\d
=035  \\$a(OCoLC)733445860
=040  \\$aVaAlASP$cVaAlASP
=100  1\$aYu,Dou
=245  12$aIntranasal Delivery of Therapeutic Stem Cells to Glioblastoma in a Mouse Model$h[electronic resource]
=260  \\$aCambridge, MA$bMyJoVE Corp$c2016
=300  \\$aonline resource (597 seconds)
=490  0\$aMedicine
=500  \\$aTitle from resource description page
=520  \\$aStem cells are promising therapeutic carriers to treat brain tumors due to their intrinsic tumor tropism. Non-invasive intranasal stem cell delivery bypasses the blood brain barrier and demonstrates strong potential for clinical translation. This article summarizes the basic principles of intranasal stem cell delivery in a mouse model of glioma.
=521  \\$aFor undergraduate, graduate, and professional students
=546  \\$aEnglish
=650  \0$aMedicine
=856  40$uhttps://www.jove.com/video/55845
=945  \\$aThe Whole World

