=LDR  00899ngm a2200000i 4500
=001  JoVEMedicine55725
=008  161201s2016\\\\xx\\\\\g\\\\\\s\\\\\eng\d
=035  \\$a(OCoLC)733445860
=040  \\$aVaAlASP$cVaAlASP
=100  1\$aPeinkofer,Gabriel
=245  12$aMurine Short Axis Ventricular Heart Slices for Electrophysiological Studies$h[electronic resource]
=260  \\$aCambridge, MA$bMyJoVE Corp$c2016
=300  \\$aonline resource (471 seconds)
=490  0\$aMedicine
=500  \\$aTitle from resource description page
=520  \\$aHere, we describe the preparation of viable ventricular slices from adult mice and their use for sharp electrode action potential recordings. These multicellular preparations provide a preserved in vivo like tissue structure, which makes them a valuable model for electrophysiological and pharmacological studies in vitro.
=521  \\$aFor undergraduate, graduate, and professional students
=546  \\$aEnglish
=650  \0$aMedicine
=856  40$uhttps://www.jove.com/video/55725
=945  \\$aThe Whole World

