=LDR  00835ngm a2200000i 4500
=001  JoVEMedicine55723
=008  161201s2016\\\\xx\\\\\g\\\\\\s\\\\\eng\d
=035  \\$a(OCoLC)733445860
=040  \\$aVaAlASP$cVaAlASP
=100  1\$aLuo,Wenting
=245  12$aA Component-resolved Diagnostic Approach for a Study on Grass Pollen Allergens in Chinese Southerners with Allergic Rhinitis and/or Asthma$h[electronic resource]
=260  \\$aCambridge, MA$bMyJoVE Corp$c2016
=300  \\$aonline resource (394 seconds)
=490  0\$aMedicine
=500  \\$aTitle from resource description page
=520  \\$aThis work describes a protocol that uses a component-resolved approach to study sensitization to grass pollen allergens in a cohort of patients from southern China with allergic rhinitis and/or asthma.
=521  \\$aFor undergraduate, graduate, and professional students
=546  \\$aEnglish
=650  \0$aMedicine
=856  40$uhttps://www.jove.com/video/55723
=945  \\$aThe Whole World

