=LDR  00938ngm a2200000i 4500
=001  JoVEMedicine55654
=008  161201s2016\\\\xx\\\\\g\\\\\\s\\\\\eng\d
=035  \\$a(OCoLC)733445860
=040  \\$aVaAlASP$cVaAlASP
=100  1\$aLiu,Shufen
=245  12$aPreparation of Herbal Medicine: Er-Xian Decoction and Er-Xian-containing Serum for In Vivo and In Vitro Experiments$h[electronic resource]
=260  \\$aCambridge, MA$bMyJoVE Corp$c2016
=300  \\$aonline resource (487 seconds)
=490  0\$aMedicine
=500  \\$aTitle from resource description page
=520  \\$aHere, we present the preparation of an er-xian decoction (EXD) in four steps-soaking, decoction, filtration, and concentration-and demonstrate the administration of a prepared EXD-containing serum to rats. These methods are applicable to the in vivo and in vitro study of herbal decoctions such as traditional Chinese medicines.
=521  \\$aFor undergraduate, graduate, and professional students
=546  \\$aEnglish
=650  \0$aMedicine
=856  40$uhttps://www.jove.com/video/55654
=945  \\$aThe Whole World

