=LDR  00855ngm a2200000i 4500
=001  JoVEMedicine55450
=008  161201s2016\\\\xx\\\\\g\\\\\\s\\\\\eng\d
=035  \\$a(OCoLC)733445860
=040  \\$aVaAlASP$cVaAlASP
=100  1\$aMänn,Linda
=245  12$aQuantitative Visualization of Leukocyte Infiltrate in a Murine Model of Fulminant Myocarditis by Light Sheet Microscopy$h[electronic resource]
=260  \\$aCambridge, MA$bMyJoVE Corp$c2016
=300  \\$aonline resource (409 seconds)
=490  0\$aMedicine
=500  \\$aTitle from resource description page
=520  \\$aHere, we describe a light-sheet microscopy approach to visualize the cardiac CD45+ leukocyte infiltrate in a murine model of aseptic fulminant myocarditis, which is induced by the intratracheal diphtheria toxin treatment of CD11c.DTR mice. 
=521  \\$aFor undergraduate, graduate, and professional students
=546  \\$aEnglish
=650  \0$aMedicine
=856  40$uhttps://www.jove.com/video/55450
=945  \\$aThe Whole World

