=LDR  00738ngm a2200000i 4500
=001  JoVEMedicine55225
=008  161201s2016\\\\xx\\\\\g\\\\\\s\\\\\eng\d
=035  \\$a(OCoLC)733445860
=040  \\$aVaAlASP$cVaAlASP
=100  1\$aMoon,Young Jae
=245  12$aAn Anesthesia, Surgery, and Harvest Method for the Evaluation of Transpedicular Screws Using an In Vivo Porcine Lumbar Spine Model$h[electronic resource]
=260  \\$aCambridge, MA$bMyJoVE Corp$c2016
=300  \\$aonline resource (547 seconds)
=490  0\$aMedicine
=500  \\$aTitle from resource description page
=520  \\$aHere, we introduce a method to evaluate transpedicular screws by using an in vivo porcine lumbar spine model.
=521  \\$aFor undergraduate, graduate, and professional students
=546  \\$aEnglish
=650  \0$aMedicine
=856  40$uhttps://www.jove.com/video/55225
=945  \\$aThe Whole World

