=LDR  00893ngm a2200000i 4500
=001  JoVEMedicine55583
=008  161201s2016\\\\xx\\\\\g\\\\\\s\\\\\eng\d
=035  \\$a(OCoLC)733445860
=040  \\$aVaAlASP$cVaAlASP
=100  1\$aBelden,Sarah E.
=245  12$aEstablishment of a Clinic-based Biorepository$h[electronic resource]
=260  \\$aCambridge, MA$bMyJoVE Corp$c2016
=300  \\$aonline resource (470 seconds)
=490  0\$aMedicine
=500  \\$aTitle from resource description page
=520  \\$aCutaneous tumors are often discarded following Mohs micrographic surgery. A protocol is described here that enables clinical support staff to effectively process and store cutaneous tumor (e.g., squamous cell carcinoma, basal cell carcinoma, and melanoma) samples for downstream laboratory applications without interfering with clinical operations.
=521  \\$aFor undergraduate, graduate, and professional students
=546  \\$aEnglish
=650  \0$aMedicine
=856  40$uhttps://www.jove.com/video/55583
=945  \\$aThe Whole World

