=LDR  00983ngm a2200000i 4500
=001  JoVEMedicine55523
=008  161201s2016\\\\xx\\\\\g\\\\\\s\\\\\eng\d
=035  \\$a(OCoLC)733445860
=040  \\$aVaAlASP$cVaAlASP
=100  1\$aMiedel,Christian  J.
=245  12$aAssessment of Spontaneous Alternation, Novel Object Recognition and Limb Clasping in Transgenic Mouse Models of Amyloid-β and Tau Neuropathology$h[electronic resource]
=260  \\$aCambridge, MA$bMyJoVE Corp$c2016
=300  \\$aonline resource (602 seconds)
=490  0\$aMedicine
=500  \\$aTitle from resource description page
=520  \\$aDescribed here is a staged, behavioral screening approach that can be used to screen for compounds that exhibit in vivo efficacy on cognitive and functional motor behaviors in transgenic mouse models of β-amyloidosis and tauopathy. These methods are optimized to screen compounds for activity in short-term and working memory tasks.
=521  \\$aFor undergraduate, graduate, and professional students
=546  \\$aEnglish
=650  \0$aMedicine
=856  40$uhttps://www.jove.com/video/55523
=945  \\$aThe Whole World

