=LDR  00964ngm a2200000i 4500
=001  JoVEMedicine55753
=008  161201s2016\\\\xx\\\\\g\\\\\\s\\\\\eng\d
=035  \\$a(OCoLC)733445860
=040  \\$aVaAlASP$cVaAlASP
=100  1\$aLim,Kai-Zheong
=245  12$aOvine Lumbar Intervertebral Disc Degeneration Model Utilizing a Lateral Retroperitoneal Drill Bit Injury$h[electronic resource]
=260  \\$aCambridge, MA$bMyJoVE Corp$c2016
=300  \\$aonline resource (445 seconds)
=490  0\$aMedicine
=500  \\$aTitle from resource description page
=520  \\$aIntervertebral disc degeneration is a significant contributor to back pain and a leading cause of disability worldwide. Numerous animal models of intervertebral disc degeneration exist. We demonstrate an ovine model of intervertebral disc degeneration, utilizing a drill bit, which achieves a consistent disc injury and reproducible level of disc degeneration. 
=521  \\$aFor undergraduate, graduate, and professional students
=546  \\$aEnglish
=650  \0$aMedicine
=856  40$uhttps://www.jove.com/video/55753
=945  \\$aThe Whole World

