=LDR  00952ngm a2200000i 4500
=001  JoVEMedicine55672
=008  161201s2016\\\\xx\\\\\g\\\\\\s\\\\\eng\d
=035  \\$a(OCoLC)733445860
=040  \\$aVaAlASP$cVaAlASP
=100  1\$aHage,Anthony N.
=245  12$aComparing the Effects of Electronic Cigarette Vapor and Cigarette Smoke in a Novel In Vivo Exposure System$h[electronic resource]
=260  \\$aCambridge, MA$bMyJoVE Corp$c2016
=300  \\$aonline resource (644 seconds)
=490  0\$aMedicine
=500  \\$aTitle from resource description page
=520  \\$aThis protocol describes a method for exposing rodents to electronic cigarette vapor (E-vapor) and cigarette smoke. Exposure chambers are constructed by modifying anesthesia chambers with an automated pumping system that delivers E-vapor or cigarette smoke to rodents. This system can easily be modified to accommodate many experimental endpoints.
=521  \\$aFor undergraduate, graduate, and professional students
=546  \\$aEnglish
=650  \0$aMedicine
=856  40$uhttps://www.jove.com/video/55672
=945  \\$aThe Whole World

