=LDR  00946ngm a2200000i 4500
=001  JoVEMedicine55632
=008  161201s2016\\\\xx\\\\\g\\\\\\s\\\\\eng\d
=035  \\$a(OCoLC)733445860
=040  \\$aVaAlASP$cVaAlASP
=100  1\$aTavakoli,Reza
=245  12$aFull-root Aortic Valve Replacement by Stentless Aortic Xenografts in Patients with Small Aortic Roots$h[electronic resource]
=260  \\$aCambridge, MA$bMyJoVE Corp$c2016
=300  \\$aonline resource (737 seconds)
=490  0\$aMedicine
=500  \\$aTitle from resource description page
=520  \\$aFull-root aortic valve replacement by stentless aortic xenograft is a viable option in patients with small aortic roots. We describe, a technique for the full-root implantation of stentless aortic xenografts, with emphasis on the management of the proximal suture line and coronary anastomoses, and discuss its limitations and alternative options.
=521  \\$aFor undergraduate, graduate, and professional students
=546  \\$aEnglish
=650  \0$aMedicine
=856  40$uhttps://www.jove.com/video/55632
=945  \\$aThe Whole World

