=LDR  00926ngm a2200000i 4500
=001  JoVEMedicine55554
=008  161201s2016\\\\xx\\\\\g\\\\\\s\\\\\eng\d
=035  \\$a(OCoLC)733445860
=040  \\$aVaAlASP$cVaAlASP
=100  1\$aDyer,Mitchell
=245  12$aUncontrolled Hemorrhagic Shock Modeled via Liver Laceration in Mice with Real Time Hemodynamic Monitoring$h[electronic resource]
=260  \\$aCambridge, MA$bMyJoVE Corp$c2016
=300  \\$aonline resource (371 seconds)
=490  0\$aMedicine
=500  \\$aTitle from resource description page
=520  \\$aUncontrolled hemorrhage, an important cause of mortality among trauma patients, can be modeled using a standard liver laceration in a murine model. This model results in consistent blood loss, survival, and allows for testing hemostatic agents. This article provides the step-by-step process to perform this valuable model.
=521  \\$aFor undergraduate, graduate, and professional students
=546  \\$aEnglish
=650  \0$aMedicine
=856  40$uhttps://www.jove.com/video/55554
=945  \\$aThe Whole World

