=LDR  00803ngm a2200000i 4500
=001  JoVEMedicine55588
=008  161201s2016\\\\xx\\\\\g\\\\\\s\\\\\eng\d
=035  \\$a(OCoLC)733445860
=040  \\$aVaAlASP$cVaAlASP
=100  1\$aMann-Gow,Travis  K.
=245  12$aEvaluating the Procedure for Performing Awake Cystometry in a Mouse Model$h[electronic resource]
=260  \\$aCambridge, MA$bMyJoVE Corp$c2016
=300  \\$aonline resource (571 seconds)
=490  0\$aMedicine
=500  \\$aTitle from resource description page
=520  \\$aThis study describes the surgical procedures and experimental techniques for performing awake cystometry in a freely moving mouse. In addition, it provides experimental evidence to support its optimization and standardization.
=521  \\$aFor undergraduate, graduate, and professional students
=546  \\$aEnglish
=650  \0$aMedicine
=856  40$uhttps://www.jove.com/video/55588
=945  \\$aThe Whole World

