=LDR  00933ngm a2200000i 4500
=001  JoVEBiology55822
=008  161201s2016\\\\xx\\\\\g\\\\\\s\\\\\eng\d
=035  \\$a(OCoLC)733445860
=040  \\$aVaAlASP$cVaAlASP
=100  1\$aReddish,Florence  N.
=245  12$aMonitoring ER/SR Calcium Release with the Targeted Ca2+ Sensor CatchER+$h[electronic resource]
=260  \\$aCambridge, MA$bMyJoVE Corp$c2016
=300  \\$aonline resource (750 seconds)
=490  0\$aBiology
=500  \\$aTitle from resource description page
=520  \\$aWe present protocols for the application of our targeted genetically-encoded calcium indicator (GECI) CatchER+ for monitoring rapid calcium transients in the endoplasmic/sarcoplasmic reticulum (ER/SR) of HEK293 and skeletal muscle C2C12 cells using real-time fluorescence microscopy. A protocol for the in situ Kd measurement and calibration is also discussed.
=521  \\$aFor undergraduate, graduate, and professional students
=546  \\$aEnglish
=650  \0$aBiology
=856  40$uhttps://www.jove.com/video/55822
=945  \\$aThe Whole World

