=LDR  00950ngm a2200000i 4500
=001  JoVEBiology55601
=008  161201s2016\\\\xx\\\\\g\\\\\\s\\\\\eng\d
=035  \\$a(OCoLC)733445860
=040  \\$aVaAlASP$cVaAlASP
=100  1\$aGündüz,Dursun
=245  12$aSimultaneous Isolation of High Quality Cardiomyocytes, Endothelial Cells, and Fibroblasts from an Adult Rat Heart$h[electronic resource]
=260  \\$aCambridge, MA$bMyJoVE Corp$c2016
=300  \\$aonline resource (578 seconds)
=490  0\$aBiology
=500  \\$aTitle from resource description page
=520  \\$aSeveral protocols have been developed and described for the isolation of different cardiac cell types from a rat heart. Here, an optimized protocol is described that allows the isolation of high-quality major cardiac cell types (cardiomyocytes, endothelial cells, and fibroblasts) from a single preparation, reducing the experimental costs.
=521  \\$aFor undergraduate, graduate, and professional students
=546  \\$aEnglish
=650  \0$aBiology
=856  40$uhttps://www.jove.com/video/55601
=945  \\$aThe Whole World

