=LDR  00841ngm a2200000i 4500
=001  JoVEBiology55460
=008  161201s2016\\\\xx\\\\\g\\\\\\s\\\\\eng\d
=035  \\$a(OCoLC)733445860
=040  \\$aVaAlASP$cVaAlASP
=100  1\$aKo,Kyung Ae
=245  12$aEn Face Preparation of Mouse Blood Vessels$h[electronic resource]
=260  \\$aCambridge, MA$bMyJoVE Corp$c2016
=300  \\$aonline resource (601 seconds)
=490  0\$aBiology
=500  \\$aTitle from resource description page
=520  \\$aA procedure for making en face preparations of the mouse carotid artery and aorta is described. Such preparations, when immunofluorescently stained with specific antibodies, enable us to study localization of proteins and identification of cell types within the entire vascular wall by confocal microscopy.
=521  \\$aFor undergraduate, graduate, and professional students
=546  \\$aEnglish
=650  \0$aBiology
=856  40$uhttps://www.jove.com/video/55460
=945  \\$aThe Whole World

