=LDR  00996ngm a2200000i 4500
=001  JoVEBiology55449
=008  161201s2016\\\\xx\\\\\g\\\\\\s\\\\\eng\d
=035  \\$a(OCoLC)733445860
=040  \\$aVaAlASP$cVaAlASP
=100  1\$aSieprath,Tom
=245  12$aCellular Redox Profiling Using High-content Microscopy$h[electronic resource]
=260  \\$aCambridge, MA$bMyJoVE Corp$c2016
=300  \\$aonline resource (697 seconds)
=490  0\$aBiology
=500  \\$aTitle from resource description page
=520  \\$aThis paper presents a high-content microscopy workflow for simultaneous quantification of intracellular ROS levels, as well as mitochondrial membrane potential and morphology - jointly referred to as mitochondrial morphofunction - in living adherent cells using the cell-permeant fluorescent reporter molecules 5-(and-6)-chloromethyl-2',7'-dichlorodihydrofluorescein diacetate, acetyl ester (CM-H2DCFDA) and tetramethylrhodamine methylester (TMRM).
=521  \\$aFor undergraduate, graduate, and professional students
=546  \\$aEnglish
=650  \0$aBiology
=856  40$uhttps://www.jove.com/video/55449
=945  \\$aThe Whole World

