=LDR  00937ngm a2200000i 4500
=001  JoVEBiology55656
=008  161201s2016\\\\xx\\\\\g\\\\\\s\\\\\eng\d
=035  \\$a(OCoLC)733445860
=040  \\$aVaAlASP$cVaAlASP
=100  1\$aAulas,Anaïs
=245  12$aMethods to Classify Cytoplasmic Foci as Mammalian Stress Granules$h[electronic resource]
=260  \\$aCambridge, MA$bMyJoVE Corp$c2016
=300  \\$aonline resource (573 seconds)
=490  0\$aBiology
=500  \\$aTitle from resource description page
=520  \\$aStress Granules (SGs) are nonmembranous cytoplasmic structures that form in cells exposed to a variety of stresses. SGs contain mRNAs, RNA-binding proteins, small ribosomal subunits, translation-related factors, and various cell signaling proteins. This protocol describes a workflow that uses several experimental approaches to detect, characterize, and quantify bona fide SGs.
=521  \\$aFor undergraduate, graduate, and professional students
=546  \\$aEnglish
=650  \0$aBiology
=856  40$uhttps://www.jove.com/video/55656
=945  \\$aThe Whole World

