=LDR  00878ngm a2200000i 4500
=001  JoVEMedicine55408
=008  161201s2016\\\\xx\\\\\g\\\\\\s\\\\\eng\d
=035  \\$a(OCoLC)733445860
=040  \\$aVaAlASP$cVaAlASP
=100  1\$aJakobs,Martin
=245  12$aSubcutaneous Trigeminal Nerve Field Stimulation for Refractory Facial Pain$h[electronic resource]
=260  \\$aCambridge, MA$bMyJoVE Corp$c2016
=300  \\$aonline resource (575 seconds)
=490  0\$aMedicine
=500  \\$aTitle from resource description page
=520  \\$aTreating chronic or neuropathic facial pain can be challenging when medical or standard treatment fails. Subcutaneous nerve field stimulation is the least invasive form of neuromodulation and is used for chronic back pain. We applied this technology to treat chronic and neuropathic trigeminal facial pain.
=521  \\$aFor undergraduate, graduate, and professional students
=546  \\$aEnglish
=650  \0$aMedicine
=856  40$uhttps://www.jove.com/video/55408
=945  \\$aThe Whole World

