=LDR  00955ngm a2200000i 4500
=001  JoVEMedicine55384
=008  161201s2016\\\\xx\\\\\g\\\\\\s\\\\\eng\d
=035  \\$a(OCoLC)733445860
=040  \\$aVaAlASP$cVaAlASP
=100  1\$aCoats,Jacqueline  S.
=245  12$aExpression of Exogenous Cytokine in Patient-derived Xenografts via Injection with a Cytokine-transduced Stromal Cell Line$h[electronic resource]
=260  \\$aCambridge, MA$bMyJoVE Corp$c2016
=300  \\$aonline resource (778 seconds)
=490  0\$aMedicine
=500  \\$aTitle from resource description page
=520  \\$aDescribed here is a method for producing exogenous cytokine in patient-derived xenograft (PDX) mice via weekly intraperitoneal injection of a cytokine-transduced stromal cell line. This method broadens the utility of PDX and provides the option for transient or sustained exogenous cytokine delivery in a multitude of PDX models.
=521  \\$aFor undergraduate, graduate, and professional students
=546  \\$aEnglish
=650  \0$aMedicine
=856  40$uhttps://www.jove.com/video/55384
=945  \\$aThe Whole World

