=LDR  00910ngm a2200000i 4500
=001  JoVEBiology55578
=008  161201s2016\\\\xx\\\\\g\\\\\\s\\\\\eng\d
=035  \\$a(OCoLC)733445860
=040  \\$aVaAlASP$cVaAlASP
=100  1\$aSchmutz,Sandrine
=245  12$aAnalysis of Cell Suspensions Isolated from Solid Tissues by Spectral Flow Cytometry$h[electronic resource]
=260  \\$aCambridge, MA$bMyJoVE Corp$c2016
=300  \\$aonline resource (668 seconds)
=490  0\$aBiology
=500  \\$aTitle from resource description page
=520  \\$aThis article describes spectral cytometry, a new approach in flow cytometry that uses the shapes of emission spectra to distinguish fluorochromes. An algorithm replaces compensations and can treat auto-fluorescence as an independent parameter. This new approach allows for the proper analysis of cells isolated from solid organs.
=521  \\$aFor undergraduate, graduate, and professional students
=546  \\$aEnglish
=650  \0$aBiology
=856  40$uhttps://www.jove.com/video/55578
=945  \\$aThe Whole World

