=LDR  00776ngm a2200000i 4500
=001  JoVEBiology54874
=008  161201s2016\\\\xx\\\\\g\\\\\\s\\\\\eng\d
=035  \\$a(OCoLC)733445860
=040  \\$aVaAlASP$cVaAlASP
=100  1\$aBlancard,Corinne
=245  12$aPlunge Freezing: A Tool for the Ultrastructural and Immunolocalization Studies of Suspension Cells in Transmission Electron Microscopy$h[electronic resource]
=260  \\$aCambridge, MA$bMyJoVE Corp$c2016
=300  \\$aonline resource (815 seconds)
=490  0\$aBiology
=500  \\$aTitle from resource description page
=520  \\$aThis manuscript describes an easy-to-use and low-cost cryofixation method for visualizing suspension cells by transmission electron microscopy. 
=521  \\$aFor undergraduate, graduate, and professional students
=546  \\$aEnglish
=650  \0$aBiology
=856  40$uhttps://www.jove.com/video/54874
=945  \\$aThe Whole World

