=LDR  00872ngm a2200000i 4500
=001  JoVEMedicine55617
=008  161201s2016\\\\xx\\\\\g\\\\\\s\\\\\eng\d
=035  \\$a(OCoLC)733445860
=040  \\$aVaAlASP$cVaAlASP
=100  1\$aZevin,Alexander  S.
=245  12$aLaparoscopic Technique for Serial Collection of Liver and Mesenteric Lymph Nodes in Macaques$h[electronic resource]
=260  \\$aCambridge, MA$bMyJoVE Corp$c2016
=300  \\$aonline resource (666 seconds)
=490  0\$aMedicine
=500  \\$aTitle from resource description page
=520  \\$aHere, we describe a minimally invasive laparoscopic technique for serial sampling of liver and mesenteric lymph nodes (MLN) in macaques that allows for increased sampling frequency, and reduces the potential for surgical complications when compared to performing a laparotomy.
=521  \\$aFor undergraduate, graduate, and professional students
=546  \\$aEnglish
=650  \0$aMedicine
=856  40$uhttps://www.jove.com/video/55617
=945  \\$aThe Whole World

