=LDR  00887ngm a2200000i 4500
=001  JoVEMedicine55553
=008  161201s2016\\\\xx\\\\\g\\\\\\s\\\\\eng\d
=035  \\$a(OCoLC)733445860
=040  \\$aVaAlASP$cVaAlASP
=100  1\$aDerde,Sarah
=245  12$aUse of a Central Venous Line for Fluids, Drugs and Nutrient Administration in a Mouse Model of Critical Illness$h[electronic resource]
=260  \\$aCambridge, MA$bMyJoVE Corp$c2016
=300  \\$aonline resource (557 seconds)
=490  0\$aMedicine
=500  \\$aTitle from resource description page
=520  \\$aThis protocol describes a centrally catheterized mouse model of prolonged critical illness. We combine the cecal ligation and puncture method to induce sepsis with the use of a central venous line for fluids, drugs and nutrient administration to mimic the human clinical setting. 
=521  \\$aFor undergraduate, graduate, and professional students
=546  \\$aEnglish
=650  \0$aMedicine
=856  40$uhttps://www.jove.com/video/55553
=945  \\$aThe Whole World

