=LDR  00920ngm a2200000i 4500
=001  JoVEMedicine55567
=008  161201s2016\\\\xx\\\\\g\\\\\\s\\\\\eng\d
=035  \\$a(OCoLC)733445860
=040  \\$aVaAlASP$cVaAlASP
=100  1\$aVoronina,Natalia
=245  12$aPreparation and In Vitro Characterization of Magnetized miR-modified Endothelial Cells$h[electronic resource]
=260  \\$aCambridge, MA$bMyJoVE Corp$c2016
=300  \\$aonline resource (598 seconds)
=490  0\$aMedicine
=500  \\$aTitle from resource description page
=520  \\$aThis manuscript describes the efficient, non-viral delivery of miR to endothelial cells by a PEI/MNP vector and their magnetization. Thus, in addition to genetic modification, this approach allows for magnetic cell guidance and MRI detectability. The technique can be used to improve the characteristics of therapeutic cell products.
=521  \\$aFor undergraduate, graduate, and professional students
=546  \\$aEnglish
=650  \0$aMedicine
=856  40$uhttps://www.jove.com/video/55567
=945  \\$aThe Whole World

