=LDR  00899ngm a2200000i 4500
=001  JoVEBiology55664
=008  161201s2016\\\\xx\\\\\g\\\\\\s\\\\\eng\d
=035  \\$a(OCoLC)733445860
=040  \\$aVaAlASP$cVaAlASP
=100  1\$aLi,Shuo
=245  12$aFlash-and-Freeze: A Novel Technique to Capture Membrane Dynamics with Electron Microscopy$h[electronic resource]
=260  \\$aCambridge, MA$bMyJoVE Corp$c2016
=300  \\$aonline resource (601 seconds)
=490  0\$aBiology
=500  \\$aTitle from resource description page
=520  \\$aWe developed a novel technique in electron microscopy, "flash-and-freeze," that enables the visualization of membrane dynamics with ms temporal resolution. This technique combines the optogenetic stimulation of neurons with high-pressure freezing. Here, we demonstrate the procedures and describe the protocols in detail.
=521  \\$aFor undergraduate, graduate, and professional students
=546  \\$aEnglish
=650  \0$aBiology
=856  40$uhttps://www.jove.com/video/55664
=945  \\$aThe Whole World

