=LDR  00767ngm a2200000i 4500
=001  JoVEBiology55533
=008  161201s2016\\\\xx\\\\\g\\\\\\s\\\\\eng\d
=035  \\$a(OCoLC)733445860
=040  \\$aVaAlASP$cVaAlASP
=100  1\$aNoren Hooten,Nicole
=245  12$aTechniques to Induce and Quantify Cellular Senescence$h[electronic resource]
=260  \\$aCambridge, MA$bMyJoVE Corp$c2016
=300  \\$aonline resource (411 seconds)
=490  0\$aBiology
=500  \\$aTitle from resource description page
=520  \\$aCellular senescence, the irreversible state of cell-cycle arrest, can be induced by various cellular stresses. Here, we describe protocols to induce cellular senescence and methods to assess markers of senescence.
=521  \\$aFor undergraduate, graduate, and professional students
=546  \\$aEnglish
=650  \0$aBiology
=856  40$uhttps://www.jove.com/video/55533
=945  \\$aThe Whole World

