=LDR  00909ngm a2200000i 4500
=001  JoVEMedicine55288
=008  161201s2016\\\\xx\\\\\g\\\\\\s\\\\\eng\d
=035  \\$a(OCoLC)733445860
=040  \\$aVaAlASP$cVaAlASP
=100  1\$aSidler,Martin
=245  12$aNerve-sparing Mid-urethral Obstruction (NeMO) in Female Small Rodents$h[electronic resource]
=260  \\$aCambridge, MA$bMyJoVE Corp$c2016
=300  \\$aonline resource (462 seconds)
=490  0\$aMedicine
=500  \\$aTitle from resource description page
=520  \\$aTraditional modeling of partial bladder outlet obstruction in rodents is fraught with animal mortality. A denervation injury from dissection around the proximal urethra and bladder neck is also of major concern. We developed and evaluated a safe and reliable mid-urethral obstruction model, avoiding the shortcomings of the traditional model.
=521  \\$aFor undergraduate, graduate, and professional students
=546  \\$aEnglish
=650  \0$aMedicine
=856  40$uhttps://www.jove.com/video/55288
=945  \\$aThe Whole World

