=LDR  01013ngm a2200000i 4500
=001  JoVEMedicine55590
=008  161201s2016\\\\xx\\\\\g\\\\\\s\\\\\eng\d
=035  \\$a(OCoLC)733445860
=040  \\$aVaAlASP$cVaAlASP
=100  1\$aTavakoli,Reza
=245  12$aDirect Re-implantation of Left Coronary Artery into the Aorta in Adults with Anomalous Origin of Left Coronary Artery from the Pulmonary Artery (ALCAPA)$h[electronic resource]
=260  \\$aCambridge, MA$bMyJoVE Corp$c2016
=300  \\$aonline resource (790 seconds)
=490  0\$aMedicine
=500  \\$aTitle from resource description page
=520  \\$aSurgical correction of ALCAPA is highly recommended, regardless of age or the degree of intercoronary collateralization. This protocol presents a technique for the direct re-implantation of adult-type ALCAPA into the aorta to re-establish the dual-coronary perfusion. Whenever feasible, direct re-implantation is preferred to other surgical correction techniques.
=521  \\$aFor undergraduate, graduate, and professional students
=546  \\$aEnglish
=650  \0$aMedicine
=856  40$uhttps://www.jove.com/video/55590
=945  \\$aThe Whole World

