=LDR  00699ngm a2200000i 4500
=001  JoVEMedicine55673
=008  161201s2016\\\\xx\\\\\g\\\\\\s\\\\\eng\d
=035  \\$a(OCoLC)733445860
=040  \\$aVaAlASP$cVaAlASP
=100  1\$aLang,Catherine  E.
=245  12$aA Method for Quantifying Upper Limb Performance in Daily Life Using Accelerometers$h[electronic resource]
=260  \\$aCambridge, MA$bMyJoVE Corp$c2016
=300  \\$aonline resource (444 seconds)
=490  0\$aMedicine
=500  \\$aTitle from resource description page
=520  \\$aThis protocol describes a method to quantify upper limb performance in daily life using wrist-worn accelerometers.
=521  \\$aFor undergraduate, graduate, and professional students
=546  \\$aEnglish
=650  \0$aMedicine
=856  40$uhttps://www.jove.com/video/55673
=945  \\$aThe Whole World

