=LDR  00928ngm a2200000i 4500
=001  JoVEMedicine54830
=008  161201s2016\\\\xx\\\\\g\\\\\\s\\\\\eng\d
=035  \\$a(OCoLC)733445860
=040  \\$aVaAlASP$cVaAlASP
=100  1\$aLarpthaveesarp,Amara
=245  12$aTransient Middle Cerebral Artery Occlusion Model of Neonatal Stroke in P10 Rats$h[electronic resource]
=260  \\$aCambridge, MA$bMyJoVE Corp$c2016
=300  \\$aonline resource (476 seconds)
=490  0\$aMedicine
=500  \\$aTitle from resource description page
=520  \\$aNeonatal stroke is a significant cause of early brain injury requiring a translational model with consistent focal injury patterns and high reproducibility in order to enable study. This study describes the detailed surgical procedure for creating a non-hemorrhagic, unilateral focal ischemia-reperfusion injury in full-term-equivalent rodents.
=521  \\$aFor undergraduate, graduate, and professional students
=546  \\$aEnglish
=650  \0$aMedicine
=856  40$uhttps://www.jove.com/video/54830
=945  \\$aThe Whole World

