=LDR  01014ngm a2200000i 4500
=001  JoVEBiology55756
=008  161201s2016\\\\xx\\\\\g\\\\\\s\\\\\eng\d
=035  \\$a(OCoLC)733445860
=040  \\$aVaAlASP$cVaAlASP
=100  1\$aFabrick,Jeffrey  A.
=245  12$aTransient Expression and Cellular Localization of Recombinant Proteins in Cultured Insect Cells$h[electronic resource]
=260  \\$aCambridge, MA$bMyJoVE Corp$c2016
=300  \\$aonline resource (729 seconds)
=490  0\$aBiology
=500  \\$aTitle from resource description page
=520  \\$aNonlytic insect cell expression systems are underutilized for production, cellular trafficking/localization, and recombinant protein functional analysis. Here, we describe methods to generate expression vectors and subsequent transient protein expression in commercially available lepidopteran cell lines. The co-localization of Bemisia tabaci aquaporins with subcellular fluorescent marker proteins is also presented.
=521  \\$aFor undergraduate, graduate, and professional students
=546  \\$aEnglish
=650  \0$aBiology
=856  40$uhttps://www.jove.com/video/55756
=945  \\$aThe Whole World

