=LDR  00935ngm a2200000i 4500
=001  JoVEBiology55610
=008  161201s2016\\\\xx\\\\\g\\\\\\s\\\\\eng\d
=035  \\$a(OCoLC)733445860
=040  \\$aVaAlASP$cVaAlASP
=100  1\$aFees,Colby  P.
=245  12$aHigh-resolution Imaging and Analysis of Individual Astral Microtubule Dynamics in Budding Yeast$h[electronic resource]
=260  \\$aCambridge, MA$bMyJoVE Corp$c2016
=300  \\$aonline resource (623 seconds)
=490  0\$aBiology
=500  \\$aTitle from resource description page
=520  \\$aBudding yeast is an advantageous model for studying microtubule dynamics in vivo due to its powerful genetics and the simplicity of its microtubule cytoskeleton. The following protocol describes how to transform and culture yeast cells, acquire confocal microscopy images, and quantitatively analyze microtubule dynamics in living yeast cells. 
=521  \\$aFor undergraduate, graduate, and professional students
=546  \\$aEnglish
=650  \0$aBiology
=856  40$uhttps://www.jove.com/video/55610
=945  \\$aThe Whole World

