=LDR  00902ngm a2200000i 4500
=001  JoVEMedicine55599
=008  161201s2016\\\\xx\\\\\g\\\\\\s\\\\\eng\d
=035  \\$a(OCoLC)733445860
=040  \\$aVaAlASP$cVaAlASP
=100  1\$aJensen,Victoria N.
=245  12$aRepeated Measurement of Respiratory Muscle Activity and Ventilation in Mouse Models of Neuromuscular Disease$h[electronic resource]
=260  \\$aCambridge, MA$bMyJoVE Corp$c2016
=300  \\$aonline resource (564 seconds)
=490  0\$aMedicine
=500  \\$aTitle from resource description page
=520  \\$aThis paper introduces a method for repeated measurements of ventilation and respiratory muscle activity in a freely behaving amyotrophic lateral sclerosis (ALS) mouse model throughout disease progression with whole-body plethysmography and electromyography via an implanted telemetry device.
=521  \\$aFor undergraduate, graduate, and professional students
=546  \\$aEnglish
=650  \0$aMedicine
=856  40$uhttps://www.jove.com/video/55599
=945  \\$aThe Whole World

