=LDR  00809ngm a2200000i 4500
=001  JoVEMedicine54974
=008  161201s2016\\\\xx\\\\\g\\\\\\s\\\\\eng\d
=035  \\$a(OCoLC)733445860
=040  \\$aVaAlASP$cVaAlASP
=100  1\$aVan den Broek,Hans Thijs
=245  12$a3D Whole-heart Myocardial Tissue Analysis$h[electronic resource]
=260  \\$aCambridge, MA$bMyJoVE Corp$c2016
=300  \\$aonline resource (413 seconds)
=490  0\$aMedicine
=500  \\$aTitle from resource description page
=520  \\$aThis protocol describes a novel method for the 3D comparison of whole-heart myocardial tissue with MRI. This is designed for the accurate assessment of intramyocardial injections in the infarct border zone of a chronic porcine model of myocardial infarction. 
=521  \\$aFor undergraduate, graduate, and professional students
=546  \\$aEnglish
=650  \0$aMedicine
=856  40$uhttps://www.jove.com/video/54974
=945  \\$aThe Whole World

