=LDR  00942ngm a2200000i 4500
=001  JoVEBiology55514
=008  161201s2016\\\\xx\\\\\g\\\\\\s\\\\\eng\d
=035  \\$a(OCoLC)733445860
=040  \\$aVaAlASP$cVaAlASP
=100  1\$aYang,Jingwen
=245  12$aDetection of Ligand-activated G Protein-coupled Receptor Internalization by Confocal Microscopy$h[electronic resource]
=260  \\$aCambridge, MA$bMyJoVE Corp$c2016
=300  \\$aonline resource (624 seconds)
=490  0\$aBiology
=500  \\$aTitle from resource description page
=520  \\$aThis protocol describes confocal microscopy detection of G protein-coupled receptor (GPCR) internalization in mammalian cells. It includes the basic cell culture, transfection, and confocal microscopy procedure and provides an efficient and easily interpretable method to detect the subcellular localization and internalization of fusion-expressed GPCR.
=521  \\$aFor undergraduate, graduate, and professional students
=546  \\$aEnglish
=650  \0$aBiology
=856  40$uhttps://www.jove.com/video/55514
=945  \\$aThe Whole World

