=LDR  00793ngm a2200000i 4500
=001  JoVEBiology55471
=008  161201s2016\\\\xx\\\\\g\\\\\\s\\\\\eng\d
=035  \\$a(OCoLC)733445860
=040  \\$aVaAlASP$cVaAlASP
=100  1\$aGray,Robert  D. M.
=245  12$aOpen-source Single-particle Analysis for Super-resolution Microscopy with VirusMapper$h[electronic resource]
=260  \\$aCambridge, MA$bMyJoVE Corp$c2016
=300  \\$aonline resource (458 seconds)
=490  0\$aBiology
=500  \\$aTitle from resource description page
=520  \\$aThis manuscript uses the Fiji-based open-source software package VirusMapper to apply single-particle analysis to super-resolution microscopy images in order to generate precise models of nanoscale structure.
=521  \\$aFor undergraduate, graduate, and professional students
=546  \\$aEnglish
=650  \0$aBiology
=856  40$uhttps://www.jove.com/video/55471
=945  \\$aThe Whole World

