=LDR  00876ngm a2200000i 4500
=001  JoVEBiology55616
=008  161201s2016\\\\xx\\\\\g\\\\\\s\\\\\eng\d
=035  \\$a(OCoLC)733445860
=040  \\$aVaAlASP$cVaAlASP
=100  1\$aHuang,Yizhong
=245  12$aA Multi-hole Cryovial Eliminates Freezing Artifacts when Muscle Tissues are Directly Immersed in Liquid Nitrogen$h[electronic resource]
=260  \\$aCambridge, MA$bMyJoVE Corp$c2016
=300  \\$aonline resource (402 seconds)
=490  0\$aBiology
=500  \\$aTitle from resource description page
=520  \\$aThis protocol describes a procedure to freeze muscle tissues by plunging them directly into liquid nitrogen. This protocol also highlights a new cryovial that can avoid the "blanket effect" of nitrogen gas when liquid nitrogen contacts the tissue surface of a specimen.
=521  \\$aFor undergraduate, graduate, and professional students
=546  \\$aEnglish
=650  \0$aBiology
=856  40$uhttps://www.jove.com/video/55616
=945  \\$aThe Whole World

