=LDR  00981ngm a2200000i 4500
=001  JoVEMedicine55525
=008  161201s2016\\\\xx\\\\\g\\\\\\s\\\\\eng\d
=035  \\$a(OCoLC)733445860
=040  \\$aVaAlASP$cVaAlASP
=100  1\$aMolica,Filippo
=245  12$aTurbidimetry on Human Washed Platelets: The Effect of the Pannexin1-inhibitor Brilliant Blue FCF on Collagen-induced Aggregation$h[electronic resource]
=260  \\$aCambridge, MA$bMyJoVE Corp$c2016
=300  \\$aonline resource (553 seconds)
=490  0\$aMedicine
=500  \\$aTitle from resource description page
=520  \\$aWe describe a straightforward method for the isolation of washed platelets from human blood followed by agonist-induced platelet aggregation measurements by turbidimetry. As an example we apply this method for studying the aggregation response of human platelets to collagen after a pre-incubation with the Pannexin1 channel inhibitor Brilliant Blue FCF.
=521  \\$aFor undergraduate, graduate, and professional students
=546  \\$aEnglish
=650  \0$aMedicine
=856  40$uhttps://www.jove.com/video/55525
=945  \\$aThe Whole World

