=LDR  00960ngm a2200000i 4500
=001  JoVEMedicine55353
=008  161201s2016\\\\xx\\\\\g\\\\\\s\\\\\eng\d
=035  \\$a(OCoLC)733445860
=040  \\$aVaAlASP$cVaAlASP
=100  1\$aReichert,Karla
=245  12$aMurine Left Anterior Descending (LAD) Coronary Artery Ligation: An Improved and Simplified Model for Myocardial Infarction$h[electronic resource]
=260  \\$aCambridge, MA$bMyJoVE Corp$c2016
=300  \\$aonline resource (639 seconds)
=490  0\$aMedicine
=500  \\$aTitle from resource description page
=520  \\$aWe provide a reliable method for left anterior descending artery (LAD) ligation in a mouse model. This method is comparatively less invasive than other methods, involving endotracheal intubation, a left-sided thoracotomy approach, and thoracentesis. This method can be used as a model for both acute and chronic myocardial infarction (MI).
=521  \\$aFor undergraduate, graduate, and professional students
=546  \\$aEnglish
=650  \0$aMedicine
=856  40$uhttps://www.jove.com/video/55353
=945  \\$aThe Whole World

