=LDR  00975ngm a2200000i 4500
=001  JoVEMedicine55174
=008  161201s2016\\\\xx\\\\\g\\\\\\s\\\\\eng\d
=035  \\$a(OCoLC)733445860
=040  \\$aVaAlASP$cVaAlASP
=100  1\$aStrüder,Daniel
=245  12$aIntravital Microscopy and Thrombus Induction in the Earlobe of a Hairless Mouse$h[electronic resource]
=260  \\$aCambridge, MA$bMyJoVE Corp$c2016
=300  \\$aonline resource (541 seconds)
=490  0\$aMedicine
=500  \\$aTitle from resource description page
=520  \\$aThe ear model of the hairless SKH1-Hrhr mouse enables intravital fluorescence microscopy of microcirculation and phototoxic thrombus induction without prior surgical preparation in the examined microvascular bed. Therefore, the ear of the hairless mouse is an excellent in vivo model to study the complex interactions during microvascular thrombus formation, thrombus evolution, and thrombolysis.
=521  \\$aFor undergraduate, graduate, and professional students
=546  \\$aEnglish
=650  \0$aMedicine
=856  40$uhttps://www.jove.com/video/55174
=945  \\$aThe Whole World

