=LDR  00891ngm a2200000i 4500
=001  JoVEMedicine54729
=008  161201s2016\\\\xx\\\\\g\\\\\\s\\\\\eng\d
=035  \\$a(OCoLC)733445860
=040  \\$aVaAlASP$cVaAlASP
=100  1\$aBeal,Eliza  W.
=245  12$aMethod of Direct Segmental Intra-hepatic Delivery Using a Rat Liver Hilar Clamp Model$h[electronic resource]
=260  \\$aCambridge, MA$bMyJoVE Corp$c2016
=300  \\$aonline resource (562 seconds)
=490  0\$aMedicine
=500  \\$aTitle from resource description page
=520  \\$aA unique rat liver hilar clamp model was developed for studying the impact of pharmacologic molecules in ameliorating ischemia-reperfusion injury. This model includes direct cannulation of the portal supply to the ischemic liver segment via a branch of the portal vein, allowing for direct hepatic delivery.
=521  \\$aFor undergraduate, graduate, and professional students
=546  \\$aEnglish
=650  \0$aMedicine
=856  40$uhttps://www.jove.com/video/54729
=945  \\$aThe Whole World

