=LDR  00784ngm a2200000i 4500
=001  JoVEBiology55412
=008  161201s2016\\\\xx\\\\\g\\\\\\s\\\\\eng\d
=035  \\$a(OCoLC)733445860
=040  \\$aVaAlASP$cVaAlASP
=100  1\$aZou,Ke
=245  12$aUsing Microfluidic Devices to Measure Lifespan and Cellular Phenotypes in Single Budding Yeast Cells$h[electronic resource]
=260  \\$aCambridge, MA$bMyJoVE Corp$c2016
=300  \\$aonline resource (558 seconds)
=490  0\$aBiology
=500  \\$aTitle from resource description page
=520  \\$aThis article presents a protocol optimized for the production of microfluidic chips and the setup of microfluidic experiments to measure the lifespan and cellular phenotypes of single yeast cells.
=521  \\$aFor undergraduate, graduate, and professional students
=546  \\$aEnglish
=650  \0$aBiology
=856  40$uhttps://www.jove.com/video/55412
=945  \\$aThe Whole World

