=LDR  00891ngm a2200000i 4500
=001  JoVEMedicine55356
=008  161201s2016\\\\xx\\\\\g\\\\\\s\\\\\eng\d
=035  \\$a(OCoLC)733445860
=040  \\$aVaAlASP$cVaAlASP
=100  1\$aDurham,Phillip  G.
=245  12$aDisposable Dosators for Pulmonary Insufflation of Therapeutic Agents to Small Animals$h[electronic resource]
=260  \\$aCambridge, MA$bMyJoVE Corp$c2016
=300  \\$aonline resource (262 seconds)
=490  0\$aMedicine
=500  \\$aTitle from resource description page
=520  \\$aDuring development of drugs for pulmonary delivery, it is necessary to evaluate pharmacokinetics and efficacy in an animal model. We present a method to build a disposable aerosol dispersion system from of-the-shelf components that can be used to administer intrapulmonary dry powder aerosol to rodents.
=521  \\$aFor undergraduate, graduate, and professional students
=546  \\$aEnglish
=650  \0$aMedicine
=856  40$uhttps://www.jove.com/video/55356
=945  \\$aThe Whole World

