=LDR  00864ngm a2200000i 4500
=001  JoVEBiology55441
=008  161201s2016\\\\xx\\\\\g\\\\\\s\\\\\eng\d
=035  \\$a(OCoLC)733445860
=040  \\$aVaAlASP$cVaAlASP
=100  1\$aBergmeister,Konstantin  D.
=245  12$aA Rapid Automated Protocol for Muscle Fiber Population Analysis in Rat Muscle Cross Sections Using Myosin Heavy Chain Immunohistochemistry$h[electronic resource]
=260  \\$aCambridge, MA$bMyJoVE Corp$c2016
=300  \\$aonline resource (357 seconds)
=490  0\$aBiology
=500  \\$aTitle from resource description page
=520  \\$aHere, we present a protocol for rapid muscle fiber analyses, which allows improved staining quality, and thereby automatic acquisition and quantification of fiber populations using the freely available software ImageJ.
=521  \\$aFor undergraduate, graduate, and professional students
=546  \\$aEnglish
=650  \0$aBiology
=856  40$uhttps://www.jove.com/video/55441
=945  \\$aThe Whole World

