=LDR  00900ngm a2200000i 4500
=001  JoVEBiology55544
=008  161201s2016\\\\xx\\\\\g\\\\\\s\\\\\eng\d
=035  \\$a(OCoLC)733445860
=040  \\$aVaAlASP$cVaAlASP
=100  1\$aMaritan,Sarah  M.
=245  12$aAn Efficient and Flexible Cell Aggregation Method for 3D Spheroid Production$h[electronic resource]
=260  \\$aCambridge, MA$bMyJoVE Corp$c2016
=300  \\$aonline resource (466 seconds)
=490  0\$aBiology
=500  \\$aTitle from resource description page
=520  \\$aHere, we describe a rapid and flexible protocol for the formation of 3D cell spheroids through cell aggregation. This is easily adapted to multiple cell types and is suitable for use in a variety of applications including cell migration, invasion, or anoikis assays, and for imaging and quantifying cell-matrix interactions. 
=521  \\$aFor undergraduate, graduate, and professional students
=546  \\$aEnglish
=650  \0$aBiology
=856  40$uhttps://www.jove.com/video/55544
=945  \\$aThe Whole World

