=LDR  01007ngm a2200000i 4500
=001  JoVEBiology55177
=008  161201s2016\\\\xx\\\\\g\\\\\\s\\\\\eng\d
=035  \\$a(OCoLC)733445860
=040  \\$aVaAlASP$cVaAlASP
=100  1\$aKadam,Parnika
=245  12$aLive Cell Imaging and 3D Analysis of Angiotensin Receptor Type 1a Trafficking in Transfected Human Embryonic Kidney Cells Using Confocal Microscopy$h[electronic resource]
=260  \\$aCambridge, MA$bMyJoVE Corp$c2016
=300  \\$aonline resource (591 seconds)
=490  0\$aBiology
=500  \\$aTitle from resource description page
=520  \\$aHere we present a protocol to image cells expressing green fluorescent protein-tagged angiotensin type 1a receptors during endocytosis initiated by angiotensin II treatment. This technique includes labeling lysosomes with a second fluorescent marker, and then utilizing software to analyze the co-localization of receptor and lysosome in three dimensions over time.
=521  \\$aFor undergraduate, graduate, and professional students
=546  \\$aEnglish
=650  \0$aBiology
=856  40$uhttps://www.jove.com/video/55177
=945  \\$aThe Whole World

