=LDR  00783ngm a2200000i 4500
=001  JoVEMedicine55386
=008  161201s2016\\\\xx\\\\\g\\\\\\s\\\\\eng\d
=035  \\$a(OCoLC)733445860
=040  \\$aVaAlASP$cVaAlASP
=100  1\$aPannee,Josef
=245  12$aAbsolute Quantification of Aβ1-42 in CSF Using a Mass Spectrometric Reference Measurement Procedure$h[electronic resource]
=260  \\$aCambridge, MA$bMyJoVE Corp$c2016
=300  \\$aonline resource (520 seconds)
=490  0\$aMedicine
=500  \\$aTitle from resource description page
=520  \\$aA reference measurement procedure for the absolute quantification of Aβ1-42 in human CSF based on solid-phase extraction and liquid chromatography tandem mass spectrometry is described.
=521  \\$aFor undergraduate, graduate, and professional students
=546  \\$aEnglish
=650  \0$aMedicine
=856  40$uhttps://www.jove.com/video/55386
=945  \\$aThe Whole World

