=LDR  01032ngm a2200000i 4500
=001  JoVEMedicine54912
=008  161201s2016\\\\xx\\\\\g\\\\\\s\\\\\eng\d
=035  \\$a(OCoLC)733445860
=040  \\$aVaAlASP$cVaAlASP
=100  1\$aTuraihi,Alexander  H.
=245  12$aCombined Intravital Microscopy and Contrast-enhanced Ultrasonography of the Mouse Hindlimb to Study Insulin-induced Vasodilation and Muscle Perfusion$h[electronic resource]
=260  \\$aCambridge, MA$bMyJoVE Corp$c2016
=300  \\$aonline resource (502 seconds)
=490  0\$aMedicine
=500  \\$aTitle from resource description page
=520  \\$aInsulin-induced vasodilation regulates muscle perfusion and increases the microvascular surface area (microvascular recruitment) available for solute exchange between blood and tissue interstitium. Combined intravital microscopy and contrast-enhanced ultrasonography is presented to simultaneously assess insulin's action at the larger vessels and the microcirculation in vivo.
=521  \\$aFor undergraduate, graduate, and professional students
=546  \\$aEnglish
=650  \0$aMedicine
=856  40$uhttps://www.jove.com/video/54912
=945  \\$aThe Whole World

