=LDR  00949ngm a2200000i 4500
=001  JoVEMedicine54905
=008  161201s2016\\\\xx\\\\\g\\\\\\s\\\\\eng\d
=035  \\$a(OCoLC)733445860
=040  \\$aVaAlASP$cVaAlASP
=100  1\$aAyer,Audrey
=245  12$aTechniques of Sleeve Gastrectomy and Modified Roux-en-Y Gastric Bypass in Mice$h[electronic resource]
=260  \\$aCambridge, MA$bMyJoVE Corp$c2016
=300  \\$aonline resource (605 seconds)
=490  0\$aMedicine
=500  \\$aTitle from resource description page
=520  \\$aBariatric surgery is the most efficient way to reduce body weight and the deadly metabolic complications (diabetes, obesity, and dyslipidemia) frequently associated with morbid obesity. Mouse models of bariatric surgery represent a unique asset for deciphering molecular mechanisms behind the beneficial effects of these surgeries on diabetes, hypertension, and dyslipidemia.
=521  \\$aFor undergraduate, graduate, and professional students
=546  \\$aEnglish
=650  \0$aMedicine
=856  40$uhttps://www.jove.com/video/54905
=945  \\$aThe Whole World

