=LDR  00963ngm a2200000i 4500
=001  JoVEBiology55466
=008  161201s2016\\\\xx\\\\\g\\\\\\s\\\\\eng\d
=035  \\$a(OCoLC)733445860
=040  \\$aVaAlASP$cVaAlASP
=100  1\$aFox-Loe,Ashley  M.
=245  12$aUtilizing pHluorin-tagged Receptors to Monitor Subcellular Localization and Trafficking$h[electronic resource]
=260  \\$aCambridge, MA$bMyJoVE Corp$c2016
=300  \\$aonline resource (599 seconds)
=490  0\$aBiology
=500  \\$aTitle from resource description page
=520  \\$aLabeling the extracellular domain of a membrane protein with a pH sensitive fluorophore, superecliptic pHluorin (SEP), allows subcellular localization, expression, and trafficking to be determined. Imaging SEP-labeled proteins with total internal reflection fluorescence microscopy (TIRFM) enables the quantification of protein levels in the peripheral ER and plasma membrane.
=521  \\$aFor undergraduate, graduate, and professional students
=546  \\$aEnglish
=650  \0$aBiology
=856  40$uhttps://www.jove.com/video/55466
=945  \\$aThe Whole World

