=LDR  00925ngm a2200000i 4500
=001  JoVEBiology55304
=008  161201s2016\\\\xx\\\\\g\\\\\\s\\\\\eng\d
=035  \\$a(OCoLC)733445860
=040  \\$aVaAlASP$cVaAlASP
=100  1\$aAnabazhagan,Arivarasu  N.
=245  12$aMethods to Study Epithelial Transport Protein Function and Expression in Native Intestine and Caco-2 Cells Grown in 3D$h[electronic resource]
=260  \\$aCambridge, MA$bMyJoVE Corp$c2016
=300  \\$aonline resource (687 seconds)
=490  0\$aBiology
=500  \\$aTitle from resource description page
=520  \\$aWe describe simple methods to study the regulation of intestinal serotonin transporter (SERT) function and expression using an in vitro cell culture model of Caco-2 cells grown in 3D and an ex vivo model of mouse intestines. These methods are applicable to the study of other epithelial transporters.
=521  \\$aFor undergraduate, graduate, and professional students
=546  \\$aEnglish
=650  \0$aBiology
=856  40$uhttps://www.jove.com/video/55304
=945  \\$aThe Whole World

