=LDR  00890ngm a2200000i 4500
=001  JoVEMedicine55293
=008  161201s2016\\\\xx\\\\\g\\\\\\s\\\\\eng\d
=035  \\$a(OCoLC)733445860
=040  \\$aVaAlASP$cVaAlASP
=100  1\$aZaw,Aung Moe
=245  12$aMinimally Invasive Transverse Aortic Constriction in Mice$h[electronic resource]
=260  \\$aCambridge, MA$bMyJoVE Corp$c2016
=300  \\$aonline resource (460 seconds)
=490  0\$aMedicine
=500  \\$aTitle from resource description page
=520  \\$aMinimally invasive transverse aortic constriction (MTAC) conserves the essentials of regular transverse aortic constriction (TAC) while eliminating the use of a ventilator with tracheal intubation. It proves to be a highly desirable method for high-throughput studies on left ventricular overload, particularly in translational studies.
=521  \\$aFor undergraduate, graduate, and professional students
=546  \\$aEnglish
=650  \0$aMedicine
=856  40$uhttps://www.jove.com/video/55293
=945  \\$aThe Whole World

