=LDR  00913ngm a2200000i 4500
=001  JoVEMedicine55172
=008  161201s2016\\\\xx\\\\\g\\\\\\s\\\\\eng\d
=035  \\$a(OCoLC)733445860
=040  \\$aVaAlASP$cVaAlASP
=100  1\$aKoehl,Bérengère
=245  12$aContinuous Manual Exchange Transfusion for Patients with Sickle Cell Disease: An Efficient Method to Avoid Iron Overload$h[electronic resource]
=260  \\$aCambridge, MA$bMyJoVE Corp$c2016
=300  \\$aonline resource (323 seconds)
=490  0\$aMedicine
=500  \\$aTitle from resource description page
=520  \\$aWe have outlined a method of continuous manual exchange transfusion for the treatment of sickle cell disease in patients. This safe protocol was designed to effectively limit iron overload in patients in need of chronic transfusions and can be used extensively without any special equipment.
=521  \\$aFor undergraduate, graduate, and professional students
=546  \\$aEnglish
=650  \0$aMedicine
=856  40$uhttps://www.jove.com/video/55172
=945  \\$aThe Whole World

