=LDR  01010ngm a2200000i 4500
=001  JoVEMedicine55010
=008  161201s2016\\\\xx\\\\\g\\\\\\s\\\\\eng\d
=035  \\$a(OCoLC)733445860
=040  \\$aVaAlASP$cVaAlASP
=100  1\$aBi,Ruiye
=245  12$aTwo Techniques to Create Hypoparathyroid Mice: Parathyroidectomy Using GFP Glands and Diphtheria-Toxin-Mediated Parathyroid Ablation$h[electronic resource]
=260  \\$aCambridge, MA$bMyJoVE Corp$c2016
=300  \\$aonline resource (433 seconds)
=490  0\$aMedicine
=500  \\$aTitle from resource description page
=520  \\$aMice with acquired hypoparathyroidism would be useful for studying novel drug therapies for hypoparathyroidism. Two procedures to create such mice are demonstrated.  The GFP-PTX mouse is generated by surgical parathyroidectomy guided by green fluorescing parathyroid glands.  A second, non-surgical approach is based on parathyroid-specific expression of the diphtheria toxin receptor.
=521  \\$aFor undergraduate, graduate, and professional students
=546  \\$aEnglish
=650  \0$aMedicine
=856  40$uhttps://www.jove.com/video/55010
=945  \\$aThe Whole World

