=LDR  00860ngm a2200000i 4500
=001  JoVEMedicine54659
=008  161201s2016\\\\xx\\\\\g\\\\\\s\\\\\eng\d
=035  \\$a(OCoLC)733445860
=040  \\$aVaAlASP$cVaAlASP
=100  1\$aFinkbiner,Monica J.
=245  12$aVideo Movement Analysis Using Smartphones (ViMAS): A Pilot Study$h[electronic resource]
=260  \\$aCambridge, MA$bMyJoVE Corp$c2016
=300  \\$aonline resource (471 seconds)
=490  0\$aMedicine
=500  \\$aTitle from resource description page
=520  \\$aThis manuscript describes the method to test the concurrent validity of kinematic measures recorded by the smartphone application in comparison to a 3D motion capture system in the sagittal plane. This protocol will enable clinicians to set up smartphones for video capture of human movement.
=521  \\$aFor undergraduate, graduate, and professional students
=546  \\$aEnglish
=650  \0$aMedicine
=856  40$uhttps://www.jove.com/video/54659
=945  \\$aThe Whole World

