=LDR  00742ngm a2200000i 4500
=001  JoVEBiology55264
=008  161201s2016\\\\xx\\\\\g\\\\\\s\\\\\eng\d
=035  \\$a(OCoLC)733445860
=040  \\$aVaAlASP$cVaAlASP
=100  1\$aChowdhury,Aniqa N.
=245  12$aA Customizable Chamber for Measuring Cell Migration$h[electronic resource]
=260  \\$aCambridge, MA$bMyJoVE Corp$c2016
=300  \\$aonline resource (453 seconds)
=490  0\$aBiology
=500  \\$aTitle from resource description page
=520  \\$aThis protocol details a customizable method to measure cell migration in response to chemoattractants that may also be used to determine the diffusion rate of a drug out of a polymer matrix. 
=521  \\$aFor undergraduate, graduate, and professional students
=546  \\$aEnglish
=650  \0$aBiology
=856  40$uhttps://www.jove.com/video/55264
=945  \\$aThe Whole World

