=LDR  00769ngm a2200000i 4500
=001  JoVEBiology55215
=008  161201s2016\\\\xx\\\\\g\\\\\\s\\\\\eng\d
=035  \\$a(OCoLC)733445860
=040  \\$aVaAlASP$cVaAlASP
=100  1\$aTrépout,Sylvain
=245  12$aPreparation and Observation of Thick Biological Samples by Scanning Transmission Electron Tomography$h[electronic resource]
=260  \\$aCambridge, MA$bMyJoVE Corp$c2016
=300  \\$aonline resource (484 seconds)
=490  0\$aBiology
=500  \\$aTitle from resource description page
=520  \\$aThis report describes a sample preparation protocol and specific imaging conditions for performing scanning transmission electron tomography of thick biological specimens.
=521  \\$aFor undergraduate, graduate, and professional students
=546  \\$aEnglish
=650  \0$aBiology
=856  40$uhttps://www.jove.com/video/55215
=945  \\$aThe Whole World

