=LDR  00732ngm a2200000i 4500
=001  JoVEMedicine55178
=008  161201s2016\\\\xx\\\\\g\\\\\\s\\\\\eng\d
=035  \\$a(OCoLC)733445860
=040  \\$aVaAlASP$cVaAlASP
=100  1\$aCui,Aoyuan
=245  12$aOptimized Analysis of In Vivo and In Vitro Hepatic Steatosis$h[electronic resource]
=260  \\$aCambridge, MA$bMyJoVE Corp$c2016
=300  \\$aonline resource (538 seconds)
=490  0\$aMedicine
=500  \\$aTitle from resource description page
=520  \\$aHere, optimized methods to generate in vivo and in vitro models of hepatic steatosis and to analyze the steatotic phenotypes and related physiological parameters are described. 
=521  \\$aFor undergraduate, graduate, and professional students
=546  \\$aEnglish
=650  \0$aMedicine
=856  40$uhttps://www.jove.com/video/55178
=945  \\$aThe Whole World

