=LDR  00851ngm a2200000i 4500
=001  JoVEMedicine55086
=008  161201s2016\\\\xx\\\\\g\\\\\\s\\\\\eng\d
=035  \\$a(OCoLC)733445860
=040  \\$aVaAlASP$cVaAlASP
=100  1\$aJin,Su-Eon
=245  12$aEvaluation of Drug Sorption to PVC- and Non-PVC-based Tubes in Administration Sets Using a Pump$h[electronic resource]
=260  \\$aCambridge, MA$bMyJoVE Corp$c2016
=300  \\$aonline resource (368 seconds)
=490  0\$aMedicine
=500  \\$aTitle from resource description page
=520  \\$aWe report a method for drug sorption evaluation using a pump and model drugs (diazepam and tacrolimus). After drug analysis using high-performance liquid chromatography, drug concentrations and sorption levels in the tubes of administration sets are calculated.
=521  \\$aFor undergraduate, graduate, and professional students
=546  \\$aEnglish
=650  \0$aMedicine
=856  40$uhttps://www.jove.com/video/55086
=945  \\$aThe Whole World

