=LDR  00985ngm a2200000i 4500
=001  JoVEMedicine54925
=008  161201s2016\\\\xx\\\\\g\\\\\\s\\\\\eng\d
=035  \\$a(OCoLC)733445860
=040  \\$aVaAlASP$cVaAlASP
=100  1\$aDragomir-Daescu,Dan
=245  12$aProximal Cadaveric Femur Preparation for Fracture Strength Testing and Quantitative CT-based Finite Element Analysis$h[electronic resource]
=260  \\$aCambridge, MA$bMyJoVE Corp$c2016
=300  \\$aonline resource (484 seconds)
=490  0\$aMedicine
=500  \\$aTitle from resource description page
=520  \\$aWe present a robust protocol on how to carefully preserve and prepare cadaveric femora for fracture testing and quantitative computed tomography imaging.  The method provides precise control over input conditions for the purpose of determining relationships between bone mineral density, fracture strength, and defining finite element model geometry and properties.
=521  \\$aFor undergraduate, graduate, and professional students
=546  \\$aEnglish
=650  \0$aMedicine
=856  40$uhttps://www.jove.com/video/54925
=945  \\$aThe Whole World

