=LDR  00981ngm a2200000i 4500
=001  JoVEBiology55330
=008  161201s2016\\\\xx\\\\\g\\\\\\s\\\\\eng\d
=035  \\$a(OCoLC)733445860
=040  \\$aVaAlASP$cVaAlASP
=100  1\$aMillon-Frémillon,Angélique
=245  12$aAnalyzing Cell Surface Adhesion Remodeling in Response to Mechanical Tension Using Magnetic Beads$h[electronic resource]
=260  \\$aCambridge, MA$bMyJoVE Corp$c2016
=300  \\$aonline resource (475 seconds)
=490  0\$aBiology
=500  \\$aTitle from resource description page
=520  \\$aCell surface adhesions are central in mechanotransduction, as they transmit mechanical tension and initiate the signaling pathways involved in tissue homeostasis and development. Here, we present a protocol for dissecting the biochemical pathways that are activated in response to tension, using ligand-coated magnetic microbeads and force application to adhesion receptors.
=521  \\$aFor undergraduate, graduate, and professional students
=546  \\$aEnglish
=650  \0$aBiology
=856  40$uhttps://www.jove.com/video/55330
=945  \\$aThe Whole World

