=LDR  00898ngm a2200000i 4500
=001  JoVEBiology55251
=008  161201s2016\\\\xx\\\\\g\\\\\\s\\\\\eng\d
=035  \\$a(OCoLC)733445860
=040  \\$aVaAlASP$cVaAlASP
=100  1\$aDjafarzadeh,Siamak
=245  12$aIsolation of Intact Mitochondria from Skeletal Muscle by Differential Centrifugation for High-resolution Respirometry Measurements$h[electronic resource]
=260  \\$aCambridge, MA$bMyJoVE Corp$c2016
=300  \\$aonline resource (625 seconds)
=490  0\$aBiology
=500  \\$aTitle from resource description page
=520  \\$aHere, a quadriceps muscle specimen is taken from an anaesthetized pig and mitochondria are isolated by differential centrifugation. Then, the respiratory rates of mitochondrial respiratory chain complexes I, II and IV are determined using high-resolution respirometry.
=521  \\$aFor undergraduate, graduate, and professional students
=546  \\$aEnglish
=650  \0$aBiology
=856  40$uhttps://www.jove.com/video/55251
=945  \\$aThe Whole World

