=LDR  00945ngm a2200000i 4500
=001  JoVEBiology55202
=008  161201s2016\\\\xx\\\\\g\\\\\\s\\\\\eng\d
=035  \\$a(OCoLC)733445860
=040  \\$aVaAlASP$cVaAlASP
=100  1\$aAguilar-Sanchez,Yuriana
=245  12$aLocal Field Fluorescence Microscopy: Imaging Cellular Signals in Intact Hearts$h[electronic resource]
=260  \\$aCambridge, MA$bMyJoVE Corp$c2016
=300  \\$aonline resource (633 seconds)
=490  0\$aBiology
=500  \\$aTitle from resource description page
=520  \\$aIn the heart, molecular events coordinate the electrical and contractile function of the organ. A set of local field fluorescence microscopy techniques presented here enables the recording of cellular variables in intact hearts. Identifying mechanisms defining the cardiac function is critical in understanding how the heart works under pathological situations. 
=521  \\$aFor undergraduate, graduate, and professional students
=546  \\$aEnglish
=650  \0$aBiology
=856  40$uhttps://www.jove.com/video/55202
=945  \\$aThe Whole World

