=LDR  00830ngm a2200000i 4500
=001  JoVEBiology54951
=008  161201s2016\\\\xx\\\\\g\\\\\\s\\\\\eng\d
=035  \\$a(OCoLC)733445860
=040  \\$aVaAlASP$cVaAlASP
=100  1\$aMurillo-Cuesta,Silvia
=245  12$aA Comparative Study of Drug Delivery Methods Targeted to the Mouse Inner Ear: Bullostomy Versus Transtympanic Injection$h[electronic resource]
=260  \\$aCambridge, MA$bMyJoVE Corp$c2016
=300  \\$aonline resource (558 seconds)
=490  0\$aBiology
=500  \\$aTitle from resource description page
=520  \\$aTwo microsurgery approaches for local drug delivery to the inner ear are described here and compared in terms of impact on hearing parameters, cochlear cytoarchitecture and expression of inflammatory markers.
=521  \\$aFor undergraduate, graduate, and professional students
=546  \\$aEnglish
=650  \0$aBiology
=856  40$uhttps://www.jove.com/video/54951
=945  \\$aThe Whole World

