=LDR  00839ngm a2200000i 4500
=001  JoVEMedicine55321
=008  161201s2016\\\\xx\\\\\g\\\\\\s\\\\\eng\d
=035  \\$a(OCoLC)733445860
=040  \\$aVaAlASP$cVaAlASP
=100  1\$aSchmitz,Katja
=245  12$aBioluminescence and Near-infrared Imaging of Optic Neuritis and Brain Inflammation in the EAE Model of Multiple Sclerosis in Mice$h[electronic resource]
=260  \\$aCambridge, MA$bMyJoVE Corp$c2016
=300  \\$aonline resource (485 seconds)
=490  0\$aMedicine
=500  \\$aTitle from resource description page
=520  \\$aWe show a technique for in vivo live bioluminescence and near-infrared imaging of optic neuritis and encephalitis in the experimental autoimmune encephalomyelitis (EAE) model for multiple sclerosis in SJL/J mice.
=521  \\$aFor undergraduate, graduate, and professional students
=546  \\$aEnglish
=650  \0$aMedicine
=856  40$uhttps://www.jove.com/video/55321
=945  \\$aThe Whole World

