=LDR  00761ngm a2200000i 4500
=001  JoVEMedicine55253
=008  161201s2016\\\\xx\\\\\g\\\\\\s\\\\\eng\d
=035  \\$a(OCoLC)733445860
=040  \\$aVaAlASP$cVaAlASP
=100  1\$aBai,Hualong
=245  12$aPatch Angioplasty in the Rat Aorta or Inferior Vena Cava$h[electronic resource]
=260  \\$aCambridge, MA$bMyJoVE Corp$c2016
=300  \\$aonline resource (364 seconds)
=490  0\$aMedicine
=500  \\$aTitle from resource description page
=520  \\$aWe have established a model of pericardial patch angioplasty that can be used in either small-diameter veins or arteries. This model can be used to compare venous and arterial neointimal hyperplasia formation.
=521  \\$aFor undergraduate, graduate, and professional students
=546  \\$aEnglish
=650  \0$aMedicine
=856  40$uhttps://www.jove.com/video/55253
=945  \\$aThe Whole World

