=LDR  00958ngm a2200000i 4500
=001  JoVEMedicine54700
=008  161201s2016\\\\xx\\\\\g\\\\\\s\\\\\eng\d
=035  \\$a(OCoLC)733445860
=040  \\$aVaAlASP$cVaAlASP
=100  1\$aAlluri,Ravi
=245  12$aOpen Tracheostomy Gastric Acid Aspiration Murine Model of Acute Lung Injury Results in Maximal Acute Nonlethal Lung Injury$h[electronic resource]
=260  \\$aCambridge, MA$bMyJoVE Corp$c2016
=300  \\$aonline resource (556 seconds)
=490  0\$aMedicine
=500  \\$aTitle from resource description page
=520  \\$aThis protocol induces acute lung injury in a mouse that has close fidelity to the pathogenesis of acid pneumonitis observed in humans. We generate a maximal acute nonlethal low pH lung injury and account for differences in rodent-human anatomic respiratory structure using an open tracheostomy coupled with circumferential pressure release.
=521  \\$aFor undergraduate, graduate, and professional students
=546  \\$aEnglish
=650  \0$aMedicine
=856  40$uhttps://www.jove.com/video/54700
=945  \\$aThe Whole World

