=LDR  00994ngm a2200000i 4500
=001  JoVEBiology50836
=008  161201s2016\\\\xx\\\\\g\\\\\\s\\\\\eng\d
=035  \\$a(OCoLC)733445860
=040  \\$aVaAlASP$cVaAlASP
=100  1\$aAlberto,Anael  Viana Pinto
=245  12$aSingle-cell Microinjection for Cell Communication Analysis$h[electronic resource]
=260  \\$aCambridge, MA$bMyJoVE Corp$c2016
=300  \\$aonline resource (599 seconds)
=490  0\$aBiology
=500  \\$aTitle from resource description page
=520  \\$aWe describe here how to perform a single-cell microinjection of Lucifer Yellow to visualize cellular communication via gap-junctions in living cells, and provide some useful tips. We expect that this paper will help everyone to evaluate the degree of cellular coupling due to functional gap junctions. Everything described here could be, in principle, adapted to other fluorescent dyes with molecular weight below 1,000 Daltons.
=521  \\$aFor undergraduate, graduate, and professional students
=546  \\$aEnglish
=650  \0$aBiology
=856  40$uhttps://www.jove.com/video/50836
=945  \\$aThe Whole World

