=LDR  00906ngm a2200000i 4500
=001  JoVEBiology55245
=008  161201s2016\\\\xx\\\\\g\\\\\\s\\\\\eng\d
=035  \\$a(OCoLC)733445860
=040  \\$aVaAlASP$cVaAlASP
=100  1\$aNzigou Mombo,Brice
=245  12$aMitoCeption: Transferring Isolated Human MSC Mitochondria to Glioblastoma Stem Cells$h[electronic resource]
=260  \\$aCambridge, MA$bMyJoVE Corp$c2016
=300  \\$aonline resource (673 seconds)
=490  0\$aBiology
=500  \\$aTitle from resource description page
=520  \\$aHere, a protocol (MitoCeption) is presented to transfer mitochondria, isolated from human mesenchymal stem cells (MSC), to glioblastoma stem cells (GSC), with the goal of studying their biological effects on GSC metabolism and functions. A similar protocol can be adapted to transfer mitochondria between other cell types.
=521  \\$aFor undergraduate, graduate, and professional students
=546  \\$aEnglish
=650  \0$aBiology
=856  40$uhttps://www.jove.com/video/55245
=945  \\$aThe Whole World

