=LDR  00902ngm a2200000i 4500
=001  JoVEMedicine55214
=008  161201s2016\\\\xx\\\\\g\\\\\\s\\\\\eng\d
=035  \\$a(OCoLC)733445860
=040  \\$aVaAlASP$cVaAlASP
=100  1\$aGranillo,Alejandro
=245  12$aMurine Echocardiography of Left Atrium, Aorta, and Pulmonary Artery$h[electronic resource]
=260  \\$aCambridge, MA$bMyJoVE Corp$c2016
=300  \\$aonline resource (497 seconds)
=490  0\$aMedicine
=500  \\$aTitle from resource description page
=520  \\$aThe following protocol describes the methodology for the acquisition and analysis of echocardiographic images used to obtain the Left Atrial Volume (LAV), Aorta (Ao) diameter, and Pulmonary Artery (PA) diameter in mice. This technique is a non-invasive, non-terminal procedure that allows assessment of the cardiopulmonary function.
=521  \\$aFor undergraduate, graduate, and professional students
=546  \\$aEnglish
=650  \0$aMedicine
=856  40$uhttps://www.jove.com/video/55214
=945  \\$aThe Whole World

