=LDR  00788ngm a2200000i 4500
=001  JoVEBiology55109
=008  161201s2016\\\\xx\\\\\g\\\\\\s\\\\\eng\d
=035  \\$a(OCoLC)733445860
=040  \\$aVaAlASP$cVaAlASP
=100  1\$aWei,Bin
=245  12$aSpatiotemporal Analysis of Cytokinetic Events in Fission Yeast$h[electronic resource]
=260  \\$aCambridge, MA$bMyJoVE Corp$c2016
=300  \\$aonline resource (679 seconds)
=490  0\$aBiology
=500  \\$aTitle from resource description page
=520  \\$aThe fission yeast, Schizosaccharomyces pombe is an excellent model system to study cytokinesis, the final stage in cell division. Here we describe a microscopy approach to analyze different cytokinetic events in live fission yeast cells.
=521  \\$aFor undergraduate, graduate, and professional students
=546  \\$aEnglish
=650  \0$aBiology
=856  40$uhttps://www.jove.com/video/55109
=945  \\$aThe Whole World

