=LDR  00977ngm a2200000i 4500
=001  JoVEMedicine54949
=008  161201s2016\\\\xx\\\\\g\\\\\\s\\\\\eng\d
=035  \\$a(OCoLC)733445860
=040  \\$aVaAlASP$cVaAlASP
=100  1\$aTedjasaputra,Vincent
=245  12$aAssessment of Pulmonary Capillary Blood Volume, Membrane Diffusing Capacity, and Intrapulmonary Arteriovenous Anastomoses During Exercise$h[electronic resource]
=260  \\$aCambridge, MA$bMyJoVE Corp$c2016
=300  \\$aonline resource (429 seconds)
=490  0\$aMedicine
=500  \\$aTitle from resource description page
=520  \\$aTo assess the pulmonary diffusion and vasculature responses to exercise, we describe the multiple-inspired oxygen diffusion capacity technique to determine capillary blood volume and membrane diffusing capacity, as well as agitated saline contrast echocardiography to assess the recruitment of intrapulmonary arteriovenous anastomoses.
=521  \\$aFor undergraduate, graduate, and professional students
=546  \\$aEnglish
=650  \0$aMedicine
=856  40$uhttps://www.jove.com/video/54949
=945  \\$aThe Whole World

