=LDR  00939ngm a2200000i 4500
=001  JoVEMedicine55192
=008  161201s2016\\\\xx\\\\\g\\\\\\s\\\\\eng\d
=035  \\$a(OCoLC)733445860
=040  \\$aVaAlASP$cVaAlASP
=100  1\$aEmontzpohl,Christoph
=245  12$aIsolation of Endothelial Progenitor Cells from Healthy Volunteers and Their Migratory Potential Influenced by Serum Samples After Cardiac Surgery$h[electronic resource]
=260  \\$aCambridge, MA$bMyJoVE Corp$c2016
=300  \\$aonline resource (523 seconds)
=490  0\$aMedicine
=500  \\$aTitle from resource description page
=520  \\$aEndothelial progenitor cells (EPCs) are crucially involved in the neovascularization of ischemic tissues. This method describes the isolation of human EPCs from peripheral blood, as well as the identification of their migratory potential against serum samples of cardiac surgical patients.
=521  \\$aFor undergraduate, graduate, and professional students
=546  \\$aEnglish
=650  \0$aMedicine
=856  40$uhttps://www.jove.com/video/55192
=945  \\$aThe Whole World

