=LDR  00884ngm a2200000i 4500
=001  JoVEMedicine54362
=008  161201s2016\\\\xx\\\\\g\\\\\\s\\\\\eng\d
=035  \\$a(OCoLC)733445860
=040  \\$aVaAlASP$cVaAlASP
=100  1\$aDi Lascio,Nicole
=245  12$aUltrasound-based Pulse Wave Velocity Evaluation in Mice$h[electronic resource]
=260  \\$aCambridge, MA$bMyJoVE Corp$c2016
=300  \\$aonline resource (487 seconds)
=490  0\$aMedicine
=500  \\$aTitle from resource description page
=520  \\$aArterial stiffness represents a key factor in cardiovascular disease and pulse wave velocity (PWV) can be considered as a surrogate index for arterial stiffness. This protocol describes an image processing algorithm for calculating PWV in mice based on ultrasound image processing that is applicable at different arterial sites.
=521  \\$aFor undergraduate, graduate, and professional students
=546  \\$aEnglish
=650  \0$aMedicine
=856  40$uhttps://www.jove.com/video/54362
=945  \\$aThe Whole World

