=LDR  00837ngm a2200000i 4500
=001  JoVEMedicine55018
=008  161201s2016\\\\xx\\\\\g\\\\\\s\\\\\eng\d
=035  \\$a(OCoLC)733445860
=040  \\$aVaAlASP$cVaAlASP
=100  1\$aPerrod,Guillaume
=245  12$aADSC-sheet Transplantation to Prevent Stricture after Extended Esophageal Endoscopic Submucosal Dissection$h[electronic resource]
=260  \\$aCambridge, MA$bMyJoVE Corp$c2016
=300  \\$aonline resource (357 seconds)
=490  0\$aMedicine
=500  \\$aTitle from resource description page
=520  \\$aThis study reports a successful method of endoscopical adipose tissue-derived stromal cell (ADSC)-sheet transplantation for esophageal stricture prevention after an extended endoscopic submucosal dissection (ESD) in a swine model.
=521  \\$aFor undergraduate, graduate, and professional students
=546  \\$aEnglish
=650  \0$aMedicine
=856  40$uhttps://www.jove.com/video/55018
=945  \\$aThe Whole World

