=LDR  00898ngm a2200000i 4500
=001  JoVEBiology54985
=008  161201s2016\\\\xx\\\\\g\\\\\\s\\\\\eng\d
=035  \\$a(OCoLC)733445860
=040  \\$aVaAlASP$cVaAlASP
=100  1\$aDjafarzadeh,Siamak
=245  12$aHigh-resolution Respirometry to Assess Mitochondrial Function in Permeabilized and Intact Cells$h[electronic resource]
=260  \\$aCambridge, MA$bMyJoVE Corp$c2016
=300  \\$aonline resource (513 seconds)
=490  0\$aBiology
=500  \\$aTitle from resource description page
=520  \\$aHigh-resolution respirometry is used to determine mitochondrial oxygen consumption. This is a straightforward technique to determine mitochondrial respiratory chain complexes' (I-IV) respiratory rates, maximal mitochondrial electron transport system capacity, and mitochondrial outer membrane integrity.
=521  \\$aFor undergraduate, graduate, and professional students
=546  \\$aEnglish
=650  \0$aBiology
=856  40$uhttps://www.jove.com/video/54985
=945  \\$aThe Whole World

