=LDR  00958ngm a2200000i 4500
=001  JoVEBiology54869
=008  161201s2016\\\\xx\\\\\g\\\\\\s\\\\\eng\d
=035  \\$a(OCoLC)733445860
=040  \\$aVaAlASP$cVaAlASP
=100  1\$aRamirez-Gaona,Miguel
=245  12$aA Web Tool for Generating High Quality Machine-readable Biological Pathways$h[electronic resource]
=260  \\$aCambridge, MA$bMyJoVE Corp$c2016
=300  \\$aonline resource (481 seconds)
=490  0\$aBiology
=500  \\$aTitle from resource description page
=520  \\$aPathWhiz is a comprehensive, online pathway drawing tool for generating biochemical and biological pathways. It uses publicly accessible databases and easily expandable palettes consisting of pre-drawn pathway components. This protocol describes how to easily build new pathways, replicate and edit existing pathways, and propagate previously drawn pathways to different organisms.
=521  \\$aFor undergraduate, graduate, and professional students
=546  \\$aEnglish
=650  \0$aBiology
=856  40$uhttps://www.jove.com/video/54869
=945  \\$aThe Whole World

