=LDR  00802ngm a2200000i 4500
=001  JoVEBiology55099
=008  161201s2016\\\\xx\\\\\g\\\\\\s\\\\\eng\d
=035  \\$a(OCoLC)733445860
=040  \\$aVaAlASP$cVaAlASP
=100  1\$aRocchi,Altea
=245  12$aActivating Autophagy by Aerobic Exercise in Mice$h[electronic resource]
=260  \\$aCambridge, MA$bMyJoVE Corp$c2016
=300  \\$aonline resource (524 seconds)
=490  0\$aBiology
=500  \\$aTitle from resource description page
=520  \\$aAutophagy activation is beneficial in the prevention of a number of diseases. One of the physiological approaches to induce autophagy in vivo is physical exercise. Here we show how to activate autophagy by aerobic exercise and measure autophagy levels in mice.
=521  \\$aFor undergraduate, graduate, and professional students
=546  \\$aEnglish
=650  \0$aBiology
=856  40$uhttps://www.jove.com/video/55099
=945  \\$aThe Whole World

