=LDR  00962ngm a2200000i 4500
=001  JoVEBiology55031
=008  161201s2016\\\\xx\\\\\g\\\\\\s\\\\\eng\d
=035  \\$a(OCoLC)733445860
=040  \\$aVaAlASP$cVaAlASP
=100  1\$aBello,M.  Angélica
=245  12$aScanning Electron Microscopy (SEM) Protocols for Problematic Plant, Oomycete, and Fungal Samples$h[electronic resource]
=260  \\$aCambridge, MA$bMyJoVE Corp$c2016
=300  \\$aonline resource (657 seconds)
=490  0\$aBiology
=500  \\$aTitle from resource description page
=520  \\$aProblems in the processing of biological samples for scanning electron microscopy observation include cell collapse, treatment of samples from wet microenvironments and cell destruction. Low-cost and relatively rapid protocols suited for preparing challenging samples such as floral meristems, oomycete cysts, and fungi (Agaricales) are compiled and detailed here. 
=521  \\$aFor undergraduate, graduate, and professional students
=546  \\$aEnglish
=650  \0$aBiology
=856  40$uhttps://www.jove.com/video/55031
=945  \\$aThe Whole World

