=LDR  00798ngm a2200000i 4500
=001  JoVEBiology54646
=008  161201s2016\\\\xx\\\\\g\\\\\\s\\\\\eng\d
=035  \\$a(OCoLC)733445860
=040  \\$aVaAlASP$cVaAlASP
=100  1\$aRashidfarrokhi,Ali
=245  12$aVisualizing the Early Stages of Phagocytosis$h[electronic resource]
=260  \\$aCambridge, MA$bMyJoVE Corp$c2016
=300  \\$aonline resource (484 seconds)
=490  0\$aBiology
=500  \\$aTitle from resource description page
=520  \\$aHere we describe a microscope-based technique to visualize and quantify the early cascades of events during phagocytosis of pathogens such as the fungi Candida albicans and particulates that are larger than 0.5 µm including zymosan and IgG-coated beads.
=521  \\$aFor undergraduate, graduate, and professional students
=546  \\$aEnglish
=650  \0$aBiology
=856  40$uhttps://www.jove.com/video/54646
=945  \\$aThe Whole World

