=LDR  00743ngm a2200000i 4500
=001  JoVEMedicine54895
=008  161201s2016\\\\xx\\\\\g\\\\\\s\\\\\eng\d
=035  \\$a(OCoLC)733445860
=040  \\$aVaAlASP$cVaAlASP
=100  1\$aLouer,Amy L.
=245  12$aAssessment of Child Anthropometry in a Large Epidemiologic Study$h[electronic resource]
=260  \\$aCambridge, MA$bMyJoVE Corp$c2016
=300  \\$aonline resource (576 seconds)
=490  0\$aMedicine
=500  \\$aTitle from resource description page
=520  \\$aIn epidemiologic studies of children, well-trained research staff can accurately and precisely assess weight, height, sitting height, skinfold thicknesses, and body circumferences.  
=521  \\$aFor undergraduate, graduate, and professional students
=546  \\$aEnglish
=650  \0$aMedicine
=856  40$uhttps://www.jove.com/video/54895
=945  \\$aThe Whole World

