=LDR  00866ngm a2200000i 4500
=001  JoVEMedicine54805
=008  161201s2016\\\\xx\\\\\g\\\\\\s\\\\\eng\d
=035  \\$a(OCoLC)733445860
=040  \\$aVaAlASP$cVaAlASP
=100  1\$aBertrand,Luc
=245  12$aInduction of Ischemic Stroke and Ischemia-reperfusion in Mice Using the Middle Artery Occlusion Technique and Visualization of Infarct Area$h[electronic resource]
=260  \\$aCambridge, MA$bMyJoVE Corp$c2016
=300  \\$aonline resource (548 seconds)
=490  0\$aMedicine
=500  \\$aTitle from resource description page
=520  \\$aWe describe a mouse model of stroke induced by the occlusion of the middle cerebral artery using a silicone coated suture. The protocol can be applied to induce permanent occlusion or a temporary ischemia, followed by reperfusion.
=521  \\$aFor undergraduate, graduate, and professional students
=546  \\$aEnglish
=650  \0$aMedicine
=856  40$uhttps://www.jove.com/video/54805
=945  \\$aThe Whole World

