=LDR  00955ngm a2200000i 4500
=001  JoVEBiology55166
=008  161201s2016\\\\xx\\\\\g\\\\\\s\\\\\eng\d
=035  \\$a(OCoLC)733445860
=040  \\$aVaAlASP$cVaAlASP
=100  1\$aMcKenzie,Matthew
=245  12$aSimultaneous Measurement of Mitochondrial Calcium and Mitochondrial Membrane Potential in Live Cells by Fluorescent Microscopy$h[electronic resource]
=260  \\$aCambridge, MA$bMyJoVE Corp$c2016
=300  \\$aonline resource (523 seconds)
=490  0\$aBiology
=500  \\$aTitle from resource description page
=520  \\$aMitochondria can utilize the electrochemical potential across their inner membrane (ΔΨm) to sequester calcium (Ca2+), allowing them to shape cytosolic Ca2+ signaling within the cell. We describe a method for simultaneously measuring mitochondria Ca2+ uptake and ΔΨm in live cells using fluorescent dyes and confocal microscopy.
=521  \\$aFor undergraduate, graduate, and professional students
=546  \\$aEnglish
=650  \0$aBiology
=856  40$uhttps://www.jove.com/video/55166
=945  \\$aThe Whole World

