=LDR  00973ngm a2200000i 4500
=001  JoVEMedicine55042
=008  161201s2016\\\\xx\\\\\g\\\\\\s\\\\\eng\d
=035  \\$a(OCoLC)733445860
=040  \\$aVaAlASP$cVaAlASP
=100  1\$aHare,Dominic  J.
=245  12$aImaging Metals in Brain Tissue by Laser Ablation - Inductively Coupled Plasma - Mass Spectrometry (LA-ICP-MS)$h[electronic resource]
=260  \\$aCambridge, MA$bMyJoVE Corp$c2016
=300  \\$aonline resource (545 seconds)
=490  0\$aMedicine
=500  \\$aTitle from resource description page
=520  \\$aQuantitatively mapping metals in tissue by laser ablation - inductively coupled plasma - mass spectrometry (LA-ICP-MS) is a sensitive analytical technique that can provide new insight into how metals participate in normal function and disease processes. Here, we describe a protocol for quantitatively imaging metals in thin sections of mouse neurological tissue.
=521  \\$aFor undergraduate, graduate, and professional students
=546  \\$aEnglish
=650  \0$aMedicine
=856  40$uhttps://www.jove.com/video/55042
=945  \\$aThe Whole World

