=LDR  00823ngm a2200000i 4500
=001  JoVEMedicine53758
=008  161201s2016\\\\xx\\\\\g\\\\\\s\\\\\eng\d
=035  \\$a(OCoLC)733445860
=040  \\$aVaAlASP$cVaAlASP
=100  1\$aFerro,Austin
=245  12$aTreating SCA1 Mice with Water-Soluble Compounds to Non-Specifically Boost Mitochondrial Function$h[electronic resource]
=260  \\$aCambridge, MA$bMyJoVE Corp$c2016
=300  \\$aonline resource (707 seconds)
=490  0\$aMedicine
=500  \\$aTitle from resource description page
=520  \\$aWe present a biochemical and behavioral protocol to evaluate the efficacy of mitochondria-targeted water-soluble compounds for the treatment of Spinocerebellar ataxia type 1 (SCA1) and other cerebellar neurodegenerative diseases. 
=521  \\$aFor undergraduate, graduate, and professional students
=546  \\$aEnglish
=650  \0$aMedicine
=856  40$uhttps://www.jove.com/video/53758
=945  \\$aThe Whole World

