=LDR  00808ngm a2200000i 4500
=001  JoVEBiology55240
=008  161201s2016\\\\xx\\\\\g\\\\\\s\\\\\eng\d
=035  \\$a(OCoLC)733445860
=040  \\$aVaAlASP$cVaAlASP
=100  1\$aFord,Katie  M.
=245  12$aBiophysical Characterization of Flagellar Motor Functions$h[electronic resource]
=260  \\$aCambridge, MA$bMyJoVE Corp$c2016
=300  \\$aonline resource (368 seconds)
=490  0\$aBiology
=500  \\$aTitle from resource description page
=520  \\$aRecent findings suggest that bacterial flagellar motors sense a variety of environmental signals and remodel in response. The bead-assays discussed here are expected to help explain the role of remodeling in cellular adaptation to environmental stressors.
=521  \\$aFor undergraduate, graduate, and professional students
=546  \\$aEnglish
=650  \0$aBiology
=856  40$uhttps://www.jove.com/video/55240
=945  \\$aThe Whole World

