=LDR  00953ngm a2200000i 4500
=001  JoVEBiology55119
=008  161201s2016\\\\xx\\\\\g\\\\\\s\\\\\eng\d
=035  \\$a(OCoLC)733445860
=040  \\$aVaAlASP$cVaAlASP
=100  1\$aGörlitz,Frederik
=245  12$aOpen Source High Content Analysis Utilizing Automated Fluorescence Lifetime Imaging Microscopy$h[electronic resource]
=260  \\$aCambridge, MA$bMyJoVE Corp$c2016
=300  \\$aonline resource (570 seconds)
=490  0\$aBiology
=500  \\$aTitle from resource description page
=520  \\$aWe present an open source high content analysis (HCA) instrument utilizing automated fluorescence lifetime imaging (FLIM) for assaying protein interactions using Förster resonance energy transfer (FRET) based readouts. Data acquisition for this openFLIM-HCA instrument is controlled by software written in µManager and data analysis is undertaken in FLIMfit.
=521  \\$aFor undergraduate, graduate, and professional students
=546  \\$aEnglish
=650  \0$aBiology
=856  40$uhttps://www.jove.com/video/55119
=945  \\$aThe Whole World

