=LDR  00684ngm a2200000i 4500
=001  JoVEMedicine55281
=008  161201s2016\\\\xx\\\\\g\\\\\\s\\\\\eng\d
=035  \\$a(OCoLC)733445860
=040  \\$aVaAlASP$cVaAlASP
=100  1\$aCasal,Diogo
=245  12$aA Model of Free Tissue Transfer: The Rat Epigastric Free Flap$h[electronic resource]
=260  \\$aCambridge, MA$bMyJoVE Corp$c2016
=300  \\$aonline resource (610 seconds)
=490  0\$aMedicine
=500  \\$aTitle from resource description page
=520  \\$aThis paper describes the steps required to raise a fasciocutaneous epigastric free flap and transfer it to the neck in the rat.
=521  \\$aFor undergraduate, graduate, and professional students
=546  \\$aEnglish
=650  \0$aMedicine
=856  40$uhttps://www.jove.com/video/55281
=945  \\$aThe Whole World

