=LDR  00921ngm a2200000i 4500
=001  JoVEMedicine55138
=008  161201s2016\\\\xx\\\\\g\\\\\\s\\\\\eng\d
=035  \\$a(OCoLC)733445860
=040  \\$aVaAlASP$cVaAlASP
=100  1\$aTahtali,Damla
=245  12$aSetting Up a Stroke Team Algorithm and Conducting Simulation-based Training in the Emergency Department - A Practical Guide$h[electronic resource]
=260  \\$aCambridge, MA$bMyJoVE Corp$c2016
=300  \\$aonline resource (592 seconds)
=490  0\$aMedicine
=500  \\$aTitle from resource description page
=520  \\$aEvery min counts in acute stroke care. This guide shows how to establish a Stroke Team algorithm and enhance its performance with regular simulation training. The principles of Crew Resource Management (CRM) facilitate a straight workflow, reduce door-to-needle times and increase staff satisfaction.
=521  \\$aFor undergraduate, graduate, and professional students
=546  \\$aEnglish
=650  \0$aMedicine
=856  40$uhttps://www.jove.com/video/55138
=945  \\$aThe Whole World

