=LDR  00693ngm a2200000i 4500
=001  JoVEMedicine54839
=008  161201s2016\\\\xx\\\\\g\\\\\\s\\\\\eng\d
=035  \\$a(OCoLC)733445860
=040  \\$aVaAlASP$cVaAlASP
=100  1\$aWang,Dong
=245  12$aVein Interposition Model: A Suitable Model to Study Bypass Graft Patency$h[electronic resource]
=260  \\$aCambridge, MA$bMyJoVE Corp$c2016
=300  \\$aonline resource (442 seconds)
=490  0\$aMedicine
=500  \\$aTitle from resource description page
=520  \\$aThis video demonstrates a model to study the development of myointimal hyperplasia after venous interposition surgery in rats. 
=521  \\$aFor undergraduate, graduate, and professional students
=546  \\$aEnglish
=650  \0$aMedicine
=856  40$uhttps://www.jove.com/video/54839
=945  \\$aThe Whole World

