=LDR  00986ngm a2200000i 4500
=001  JoVEMedicine55116
=008  161201s2016\\\\xx\\\\\g\\\\\\s\\\\\eng\d
=035  \\$a(OCoLC)733445860
=040  \\$aVaAlASP$cVaAlASP
=100  1\$aPirlich,Nina
=245  12$aTopical Airway Anesthesia for Awake-endoscopic Intubation Using the Spray-as-you-go Technique with High Oxygen Flow$h[electronic resource]
=260  \\$aCambridge, MA$bMyJoVE Corp$c2016
=300  \\$aonline resource (343 seconds)
=490  0\$aMedicine
=500  \\$aTitle from resource description page
=520  \\$aThe topical anesthetic lidocaine was atomized using a high oxygen flow through the working channel of a flexible intubating endoscope to achieve topical airway anesthesia for awake endotracheal intubation. We prefer this modified spray-as-you-go technique for endoscopic intubation to classical bolus application because of higher patient satisfaction and better compliance.
=521  \\$aFor undergraduate, graduate, and professional students
=546  \\$aEnglish
=650  \0$aMedicine
=856  40$uhttps://www.jove.com/video/55116
=945  \\$aThe Whole World

