=LDR  00872ngm a2200000i 4500
=001  JoVEBiology55057
=008  161201s2016\\\\xx\\\\\g\\\\\\s\\\\\eng\d
=035  \\$a(OCoLC)733445860
=040  \\$aVaAlASP$cVaAlASP
=100  1\$aMenck,Kerstin
=245  12$aIsolation and Characterization of Microvesicles from Peripheral Blood$h[electronic resource]
=260  \\$aCambridge, MA$bMyJoVE Corp$c2016
=300  \\$aonline resource (363 seconds)
=490  0\$aBiology
=500  \\$aTitle from resource description page
=520  \\$aExtracellular vesicles present in blood have been suggested as novel biomarkers for various diseases. Here, we present a protocol for the isolation of large plasma membrane-derived microvesicles from peripheral blood samples and their subsequent analysis by conventional flow cytometry and Western Blotting. 
=521  \\$aFor undergraduate, graduate, and professional students
=546  \\$aEnglish
=650  \0$aBiology
=856  40$uhttps://www.jove.com/video/55057
=945  \\$aThe Whole World

