=LDR  00958ngm a2200000i 4500
=001  JoVEMedicine55095
=008  161201s2016\\\\xx\\\\\g\\\\\\s\\\\\eng\d
=035  \\$a(OCoLC)733445860
=040  \\$aVaAlASP$cVaAlASP
=100  1\$aVargas Robles,Hilda
=245  12$aAnalyzing Beneficial Effects of Nutritional Supplements on Intestinal Epithelial Barrier Functions During Experimental Colitis$h[electronic resource]
=260  \\$aCambridge, MA$bMyJoVE Corp$c2016
=300  \\$aonline resource (538 seconds)
=490  0\$aMedicine
=500  \\$aTitle from resource description page
=520  \\$aCurrent treatments of inflammatory bowel diseases (IBD) aim at alleviating disease symptoms but may cause severe side effects. Thus, alternative strategies are being investigated in animal colitis models. Here, we explain how the beneficial effects of diet supplements on clinical IBD signs are analyzed in such a colitis model.
=521  \\$aFor undergraduate, graduate, and professional students
=546  \\$aEnglish
=650  \0$aMedicine
=856  40$uhttps://www.jove.com/video/55095
=945  \\$aThe Whole World

