=LDR  00934ngm a2200000i 4500
=001  JoVEBiology55051
=008  161201s2016\\\\xx\\\\\g\\\\\\s\\\\\eng\d
=035  \\$a(OCoLC)733445860
=040  \\$aVaAlASP$cVaAlASP
=100  1\$aHellewell,Andrew  L.
=245  12$aA Rapid, Scalable Method for the Isolation, Functional Study, and Analysis of Cell-derived Extracellular Matrix$h[electronic resource]
=260  \\$aCambridge, MA$bMyJoVE Corp$c2016
=300  \\$aonline resource (580 seconds)
=490  0\$aBiology
=500  \\$aTitle from resource description page
=520  \\$aThe extracellular matrix plays a major role in defining the microenvironment of cells and in modulating cell behavior and phenotype. We describe a rapid method for the isolation of cell-derived extracellular matrix, which can be adapted to different scales for microscopic, biochemical, proteomic, or functional studies. 
=521  \\$aFor undergraduate, graduate, and professional students
=546  \\$aEnglish
=650  \0$aBiology
=856  40$uhttps://www.jove.com/video/55051
=945  \\$aThe Whole World

