=LDR  00879ngm a2200000i 4500
=001  JoVEBiology54989
=008  161201s2016\\\\xx\\\\\g\\\\\\s\\\\\eng\d
=035  \\$a(OCoLC)733445860
=040  \\$aVaAlASP$cVaAlASP
=100  1\$aParker,Danitra J
=245  12$aStudying Mitochondrial Structure and Function in Drosophila Ovaries$h[electronic resource]
=260  \\$aCambridge, MA$bMyJoVE Corp$c2016
=300  \\$aonline resource (593 seconds)
=490  0\$aBiology
=500  \\$aTitle from resource description page
=520  \\$aAnalysis of the mitochondrial structure-function relationship is required for a thorough understanding of the regulatory mechanisms of mitochondrial functionality. Specific methods for studying mitochondrial structure and function in live and fixed Drosophila ovaries are described and demonstrated in this paper. 
=521  \\$aFor undergraduate, graduate, and professional students
=546  \\$aEnglish
=650  \0$aBiology
=856  40$uhttps://www.jove.com/video/54989
=945  \\$aThe Whole World

