=LDR  00979ngm a2200000i 4500
=001  JoVEBiology55034
=008  161201s2016\\\\xx\\\\\g\\\\\\s\\\\\eng\d
=035  \\$a(OCoLC)733445860
=040  \\$aVaAlASP$cVaAlASP
=100  1\$aMaldifassi,Maria  C.
=245  12$aXenopus Oocytes: Optimized Methods for Microinjection, Removal of Follicular Cell Layers, and Fast Solution Changes in Electrophysiological Experiments$h[electronic resource]
=260  \\$aCambridge, MA$bMyJoVE Corp$c2016
=300  \\$aonline resource (444 seconds)
=490  0\$aBiology
=500  \\$aTitle from resource description page
=520  \\$aOptimized procedures for the isolation of single follicles, cytoplasmic RNA microinjections, the removal of surrounding cell layers, and protein expression in Xenopus oocytes are described. In addition, a simple method for fast solution changes in electrophysiological experiments with ligand-gated ion channels is presented. 
=521  \\$aFor undergraduate, graduate, and professional students
=546  \\$aEnglish
=650  \0$aBiology
=856  40$uhttps://www.jove.com/video/55034
=945  \\$aThe Whole World

