=LDR  00968ngm a2200000i 4500
=001  JoVEBiology54904
=008  161201s2016\\\\xx\\\\\g\\\\\\s\\\\\eng\d
=035  \\$a(OCoLC)733445860
=040  \\$aVaAlASP$cVaAlASP
=100  1\$aLee,Eunsoo
=245  12$aACT-PRESTO: Biological Tissue Clearing and Immunolabeling Methods for Volume Imaging$h[electronic resource]
=260  \\$aCambridge, MA$bMyJoVE Corp$c2016
=300  \\$aonline resource (466 seconds)
=490  0\$aBiology
=500  \\$aTitle from resource description page
=520  \\$aACT-PRESTO (active clarity technique-pressure related efficient and stable transfer of macromolecules into organs) enables rapid, efficient, but inexpensive tissue clearing and rapid antibody penetration into cleared tissues by passive diffusion or pressure-assisted delivery. Using this method, a wide range of tissues can be cleared, immunolabeled by multiple antibodies, and volume-imaged.
=521  \\$aFor undergraduate, graduate, and professional students
=546  \\$aEnglish
=650  \0$aBiology
=856  40$uhttps://www.jove.com/video/54904
=945  \\$aThe Whole World

