=LDR  00807ngm a2200000i 4500
=001  JoVEBiology54707
=008  161201s2016\\\\xx\\\\\g\\\\\\s\\\\\eng\d
=035  \\$a(OCoLC)733445860
=040  \\$aVaAlASP$cVaAlASP
=100  1\$aBrenker,Kathrin
=245  12$aLED Thermo Flow - Combining Optogenetics with Flow Cytometry$h[electronic resource]
=260  \\$aCambridge, MA$bMyJoVE Corp$c2016
=300  \\$aonline resource (349 seconds)
=490  0\$aBiology
=500  \\$aTitle from resource description page
=520  \\$aOptically controlled substances are powerful tools to study signaling pathways. To expand the spectrum of possible experiments, we developed a device for studying optically controlled substances in real time using flow cytometry: the LED Thermo Flow.
=521  \\$aFor undergraduate, graduate, and professional students
=546  \\$aEnglish
=650  \0$aBiology
=856  40$uhttps://www.jove.com/video/54707
=945  \\$aThe Whole World

