=LDR  00977ngm a2200000i 4500
=001  JoVEBiology54980
=008  161201s2016\\\\xx\\\\\g\\\\\\s\\\\\eng\d
=035  \\$a(OCoLC)733445860
=040  \\$aVaAlASP$cVaAlASP
=100  1\$aVujicic,Snezana
=245  12$aIdentification of Intracellular Signaling Events Induced in Viable Cells by Interaction with Neighboring Cells Undergoing Apoptotic Cell Death$h[electronic resource]
=260  \\$aCambridge, MA$bMyJoVE Corp$c2016
=300  \\$aonline resource (558 seconds)
=490  0\$aBiology
=500  \\$aTitle from resource description page
=520  \\$aHere, we present a protocol for the determination of intracellular signaling events induced in viable cells by physical interaction with adjacent dead or dying cells. The protocol focuses on signaling events induced by receptor-mediated recognition of the dead cells, as opposed to their phagocytic uptake or release of soluble mediators.
=521  \\$aFor undergraduate, graduate, and professional students
=546  \\$aEnglish
=650  \0$aBiology
=856  40$uhttps://www.jove.com/video/54980
=945  \\$aThe Whole World

