=LDR  01017ngm a2200000i 4500
=001  JoVEMedicine54965
=008  161201s2016\\\\xx\\\\\g\\\\\\s\\\\\eng\d
=035  \\$a(OCoLC)733445860
=040  \\$aVaAlASP$cVaAlASP
=100  1\$aIkeya,Kenji
=245  12$a2-Methacryloyloxyethyl Phosphorylcholine Polymer Treatment of Complete Dentures to Inhibit Denture Plaque Deposition$h[electronic resource]
=260  \\$aCambridge, MA$bMyJoVE Corp$c2016
=300  \\$aonline resource (362 seconds)
=490  0\$aMedicine
=500  \\$aTitle from resource description page
=520  \\$aRemovable poly(methyl methacrylate) (PMMA) dentures are prone to bacterial adherence and plaque formation. Denture plaque-associated infection is a source of serious dental and medical complications in the elderly. This paper introduces a novel protocol to treat PMMA dentures with 2-methacryloyloxyethyl phosphorylcholine polymer, poly(MPC-co-BMA-co-MPAz), to suppress plaque deposition on PMMA dentures.
=521  \\$aFor undergraduate, graduate, and professional students
=546  \\$aEnglish
=650  \0$aMedicine
=856  40$uhttps://www.jove.com/video/54965
=945  \\$aThe Whole World

