=LDR  00914ngm a2200000i 4500
=001  JoVEMedicine54868
=008  161201s2016\\\\xx\\\\\g\\\\\\s\\\\\eng\d
=035  \\$a(OCoLC)733445860
=040  \\$aVaAlASP$cVaAlASP
=100  1\$aGuillot-Sestier,Marie-Victoire
=245  12$aQuantitative 3D In Silico Modeling (q3DISM) of Cerebral Amyloid-beta Phagocytosis in Rodent Models of Alzheimer's Disease$h[electronic resource]
=260  \\$aCambridge, MA$bMyJoVE Corp$c2016
=300  \\$aonline resource (573 seconds)
=490  0\$aMedicine
=500  \\$aTitle from resource description page
=520  \\$aWe developed a methodology for quantitative 3D in silico modeling (q3DISM) of cerebral amyloid-β (Aβ) phagocytosis by mononuclear phagocytes in rodent models of Alzheimer's disease. This method can be generalized for the quantitation of virtually any phagocytic event in vivo.
=521  \\$aFor undergraduate, graduate, and professional students
=546  \\$aEnglish
=650  \0$aMedicine
=856  40$uhttps://www.jove.com/video/54868
=945  \\$aThe Whole World

