=LDR  00964ngm a2200000i 4500
=001  JoVEBiology54879
=008  161201s2016\\\\xx\\\\\g\\\\\\s\\\\\eng\d
=035  \\$a(OCoLC)733445860
=040  \\$aVaAlASP$cVaAlASP
=100  1\$aPiknova,Barbora
=245  12$aMeasuring Nitrite and Nitrate, Metabolites in the Nitric Oxide Pathway, in Biological Materials using the Chemiluminescence Method$h[electronic resource]
=260  \\$aCambridge, MA$bMyJoVE Corp$c2016
=300  \\$aonline resource (505 seconds)
=490  0\$aBiology
=500  \\$aTitle from resource description page
=520  \\$aNitric oxide (NO) is an important signaling molecule in vascular homeostasis. NO production in vivo is too low for direct measurement. Chemiluminescence provides useful insight into NO cycle via measuring its precursors and oxidation products, nitrite and nitrate. Nitrite / nitrate determination in body tissues and fluids is explained.
=521  \\$aFor undergraduate, graduate, and professional students
=546  \\$aEnglish
=650  \0$aBiology
=856  40$uhttps://www.jove.com/video/54879
=945  \\$aThe Whole World

