=LDR  00783ngm a2200000i 4500
=001  JoVEBiology54842
=008  161201s2016\\\\xx\\\\\g\\\\\\s\\\\\eng\d
=035  \\$a(OCoLC)733445860
=040  \\$aVaAlASP$cVaAlASP
=100  1\$aZhu,Najie
=245  12$aObservation and Quantification of Mating Behavior in the Pinewood Nematode, Bursaphelenchus xylophilus$h[electronic resource]
=260  \\$aCambridge, MA$bMyJoVE Corp$c2016
=300  \\$aonline resource (595 seconds)
=490  0\$aBiology
=500  \\$aTitle from resource description page
=520  \\$aA protocol for investigating the mating behavior of the pinewood nematode, Bursaphelenchus xylophilus, is presented. Behavioral features of B. xylophilus are described in the mating process.
=521  \\$aFor undergraduate, graduate, and professional students
=546  \\$aEnglish
=650  \0$aBiology
=856  40$uhttps://www.jove.com/video/54842
=945  \\$aThe Whole World

