=LDR  00981ngm a2200000i 4500
=001  JoVEBiology54281
=008  161201s2016\\\\xx\\\\\g\\\\\\s\\\\\eng\d
=035  \\$a(OCoLC)733445860
=040  \\$aVaAlASP$cVaAlASP
=100  1\$aUpham,Brad  L.
=245  12$aGap Junctional Intercellular Communication: A Functional Biomarker to Assess Adverse Effects of Toxicants and Toxins, and Health Benefits of Natural Products$h[electronic resource]
=260  \\$aCambridge, MA$bMyJoVE Corp$c2016
=300  \\$aonline resource (327 seconds)
=490  0\$aBiology
=500  \\$aTitle from resource description page
=520  \\$aThis protocol describes a scalpel loading-fluorescent dye transfer technique that measures intercellular communication through gap junction channels. Gap junctional intercellular communication is a major cellular process by which tissue homeostasis is maintained and disruption of this cell signaling has adverse health effects.
=521  \\$aFor undergraduate, graduate, and professional students
=546  \\$aEnglish
=650  \0$aBiology
=856  40$uhttps://www.jove.com/video/54281
=945  \\$aThe Whole World

