=LDR  00975ngm a2200000i 4500
=001  JoVEBiology54987
=008  161201s2016\\\\xx\\\\\g\\\\\\s\\\\\eng\d
=035  \\$a(OCoLC)733445860
=040  \\$aVaAlASP$cVaAlASP
=100  1\$aMcGowan,Jeremy  W. D.
=245  12$aThe Use of Ex Vivo Whole-organ Imaging and Quantitative Tissue Histology to Determine the Bio-distribution of Fluorescently Labeled Molecules$h[electronic resource]
=260  \\$aCambridge, MA$bMyJoVE Corp$c2016
=300  \\$aonline resource (487 seconds)
=490  0\$aBiology
=500  \\$aTitle from resource description page
=520  \\$aEx vivo whole-organ imaging is a rapid method for determining the relative concentrations of fluorescently labeled compounds within and between tissues or treatment groups. Conversely, quantitative fluorescence histology, while more labor intensive, allows for the quantification of the absolute tissue levels of labeled molecules.
=521  \\$aFor undergraduate, graduate, and professional students
=546  \\$aEnglish
=650  \0$aBiology
=856  40$uhttps://www.jove.com/video/54987
=945  \\$aThe Whole World

