=LDR  00963ngm a2200000i 4500
=001  JoVEMedicine54956
=008  161201s2016\\\\xx\\\\\g\\\\\\s\\\\\eng\d
=035  \\$a(OCoLC)733445860
=040  \\$aVaAlASP$cVaAlASP
=100  1\$aGoh,Chi Ching
=245  12$aInducing Ischemia-reperfusion Injury in the Mouse Ear Skin for Intravital Multiphoton Imaging of Immune Responses$h[electronic resource]
=260  \\$aCambridge, MA$bMyJoVE Corp$c2016
=300  \\$aonline resource (389 seconds)
=490  0\$aMedicine
=500  \\$aTitle from resource description page
=520  \\$aThis protocol describes the induction of an ischemia-reperfusion (IR) model on mouse ear skin using magnet clamping. Using a custom-built intravital imaging model, we study in vivo inflammatory responses post-reperfusion. The rationale behind the development of this technique is to extend the understanding of how leukocytes respond to skin IR injury.
=521  \\$aFor undergraduate, graduate, and professional students
=546  \\$aEnglish
=650  \0$aMedicine
=856  40$uhttps://www.jove.com/video/54956
=945  \\$aThe Whole World

