=LDR  00929ngm a2200000i 4500
=001  JoVEMedicine54933
=008  161201s2016\\\\xx\\\\\g\\\\\\s\\\\\eng\d
=035  \\$a(OCoLC)733445860
=040  \\$aVaAlASP$cVaAlASP
=100  1\$aEichhorn,Lars
=245  12$aA Model to Simulate Clinically Relevant Hypoxia in Humans$h[electronic resource]
=260  \\$aCambridge, MA$bMyJoVE Corp$c2016
=300  \\$aonline resource (594 seconds)
=490  0\$aMedicine
=500  \\$aTitle from resource description page
=520  \\$aHypoxia simulation in humans has usually been performed by inhaling hypoxic gas mixtures. For this study, apneic divers were used to simulate dynamic hypoxia in humans. Additionally, physiological changes in desaturation and re-saturation kinetics were evaluated with non-invasive tools such as Near-Infrared-Spectroscopy (NIRS) and peripheral oxygenation saturation (SpO2).
=521  \\$aFor undergraduate, graduate, and professional students
=546  \\$aEnglish
=650  \0$aMedicine
=856  40$uhttps://www.jove.com/video/54933
=945  \\$aThe Whole World

