=LDR  00896ngm a2200000i 4500
=001  JoVEBiology52965
=008  161201s2016\\\\xx\\\\\g\\\\\\s\\\\\eng\d
=035  \\$a(OCoLC)733445860
=040  \\$aVaAlASP$cVaAlASP
=100  1\$aWang,Jie-Mei
=245  12$aIsolation and Primary Culture of Mouse Aortic Endothelial Cells$h[electronic resource]
=260  \\$aCambridge, MA$bMyJoVE Corp$c2016
=300  \\$aonline resource (500 seconds)
=490  0\$aBiology
=500  \\$aTitle from resource description page
=520  \\$aThe vascular endothelial cells play a significant role in many important cardiovascular disorders. This article describes a simple method to isolate and expand endothelial cells from the mouse aorta without using any special equipment. Our protocol provides an effective means of identifying mechanisms in endothelial cell physiopathology.
=521  \\$aFor undergraduate, graduate, and professional students
=546  \\$aEnglish
=650  \0$aBiology
=856  40$uhttps://www.jove.com/video/52965
=945  \\$aThe Whole World

