=LDR  00930ngm a2200000i 4500
=001  JoVEMedicine54746
=008  161201s2016\\\\xx\\\\\g\\\\\\s\\\\\eng\d
=035  \\$a(OCoLC)733445860
=040  \\$aVaAlASP$cVaAlASP
=100  1\$aSanz-García,Ancor
=245  12$aNetwork Analysis of Foramen Ovale Electrode Recordings in Drug-resistant Temporal Lobe Epilepsy Patients$h[electronic resource]
=260  \\$aCambridge, MA$bMyJoVE Corp$c2016
=300  \\$aonline resource (572 seconds)
=490  0\$aMedicine
=500  \\$aTitle from resource description page
=520  \\$aThis protocol describes a procedure to track the evolution of mesial network measures in temporal lobe epilepsy (TLE) patients. It is based on the combination of intracranial recordings with a novel numerical technique for data analysis. Specifically, we present a protocol for network analyses of foramen ovale recordings.
=521  \\$aFor undergraduate, graduate, and professional students
=546  \\$aEnglish
=650  \0$aMedicine
=856  40$uhttps://www.jove.com/video/54746
=945  \\$aThe Whole World

