=LDR  01049ngm a2200000i 4500
=001  JoVEMedicine54602
=008  161201s2016\\\\xx\\\\\g\\\\\\s\\\\\eng\d
=035  \\$a(OCoLC)733445860
=040  \\$aVaAlASP$cVaAlASP
=100  1\$aIacono,Diego
=245  12$aSymmetric Bihemispheric Postmortem Brain Cutting to Study Healthy and Pathological Brain Conditions in Humans$h[electronic resource]
=260  \\$aCambridge, MA$bMyJoVE Corp$c2016
=300  \\$aonline resource (509 seconds)
=490  0\$aMedicine
=500  \\$aTitle from resource description page
=520  \\$aOrganized brain cutting procedures are necessary to correlate specific neuropsychiatric phenomena with definitive neuropathologic diagnoses. Brain cuttings are performed differently based on various clinico-academic contingencies. This protocol describes a symmetric bihemispheric brain cutting procedure to investigate hemispheric differences in human brain pathologies and to maximize current and future biomolecular/neuroimaging techniques.
=521  \\$aFor undergraduate, graduate, and professional students
=546  \\$aEnglish
=650  \0$aMedicine
=856  40$uhttps://www.jove.com/video/54602
=945  \\$aThe Whole World

