=LDR  00792ngm a2200000i 4500
=001  JoVEMedicine52352
=008  161201s2016\\\\xx\\\\\g\\\\\\s\\\\\eng\d
=035  \\$a(OCoLC)733445860
=040  \\$aVaAlASP$cVaAlASP
=100  1\$aDamon,Bruce M.
=245  12$aQuantitative Magnetic Resonance Imaging of Skeletal Muscle Disease$h[electronic resource]
=260  \\$aCambridge, MA$bMyJoVE Corp$c2016
=300  \\$aonline resource (570 seconds)
=490  0\$aMedicine
=500  \\$aTitle from resource description page
=520  \\$aNeuromuscular diseases often exhibit a temporally varying, spatially heterogeneous, and multi-faceted pathology. The goal of this protocol is to characterize this pathology using non-invasive magnetic resonance imaging methods.
=521  \\$aFor undergraduate, graduate, and professional students
=546  \\$aEnglish
=650  \0$aMedicine
=856  40$uhttps://www.jove.com/video/52352
=945  \\$aThe Whole World

