=LDR  00932ngm a2200000i 4500
=001  JoVEBiology55058
=008  161201s2016\\\\xx\\\\\g\\\\\\s\\\\\eng\d
=035  \\$a(OCoLC)733445860
=040  \\$aVaAlASP$cVaAlASP
=100  1\$aBeedle,Aaron  M.
=245  12$aCryosectioning of Contiguous Regions of a Single Mouse Skeletal Muscle for Gene Expression and Histological Analyses$h[electronic resource]
=260  \\$aCambridge, MA$bMyJoVE Corp$c2016
=300  \\$aonline resource (497 seconds)
=490  0\$aBiology
=500  \\$aTitle from resource description page
=520  \\$aConsecutive cryo-sections are collected to enable histological applications and enrichment of RNA for gene expression measurements using adjacent regions from a single mouse skeletal muscle. High-quality RNA is obtained from 20 - 30 mg of pooled cryosections and measurements are directly compared across applications.
=521  \\$aFor undergraduate, graduate, and professional students
=546  \\$aEnglish
=650  \0$aBiology
=856  40$uhttps://www.jove.com/video/55058
=945  \\$aThe Whole World

