=LDR  00860ngm a2200000i 4500
=001  JoVEBiology55048
=008  161201s2016\\\\xx\\\\\g\\\\\\s\\\\\eng\d
=035  \\$a(OCoLC)733445860
=040  \\$aVaAlASP$cVaAlASP
=100  1\$aLee,Tong  Y.
=245  12$aCultivation of Caenorhabditis elegans in Three Dimensions in the Laboratory$h[electronic resource]
=260  \\$aCambridge, MA$bMyJoVE Corp$c2016
=300  \\$aonline resource (541 seconds)
=490  0\$aBiology
=500  \\$aTitle from resource description page
=520  \\$aWe present a simple method to construct 3D nematode cultivation systems called NGT-3D and NGB-3D. These can be used to study nematode fitness and behaviors in habitats that are more similar to natural Caenorhabditis elegans habitats than the standard 2D laboratory C. elegans culture plates.
=521  \\$aFor undergraduate, graduate, and professional students
=546  \\$aEnglish
=650  \0$aBiology
=856  40$uhttps://www.jove.com/video/55048
=945  \\$aThe Whole World

