=LDR  00898ngm a2200000i 4500
=001  JoVEBiology55029
=008  161201s2016\\\\xx\\\\\g\\\\\\s\\\\\eng\d
=035  \\$a(OCoLC)733445860
=040  \\$aVaAlASP$cVaAlASP
=100  1\$aO'Neal,Scott T.
=245  12$aDissection and Observation of Honey Bee Dorsal Vessel for Studies of Cardiac Function$h[electronic resource]
=260  \\$aCambridge, MA$bMyJoVE Corp$c2016
=300  \\$aonline resource (352 seconds)
=490  0\$aBiology
=500  \\$aTitle from resource description page
=520  \\$aThe abdominal dorsal vessel of the honey bee and other insects serves as the functional equivalent of the mammalian heart and plays an important role in nutrient transport, waste removal, immune function, and more. Here we describe a protocol for the visualization and pharmacological manipulation of bee heart rate.
=521  \\$aFor undergraduate, graduate, and professional students
=546  \\$aEnglish
=650  \0$aBiology
=856  40$uhttps://www.jove.com/video/55029
=945  \\$aThe Whole World

