=LDR  00997ngm a2200000i 4500
=001  JoVEBiology55002
=008  161201s2016\\\\xx\\\\\g\\\\\\s\\\\\eng\d
=035  \\$a(OCoLC)733445860
=040  \\$aVaAlASP$cVaAlASP
=100  1\$aMen,Jing
=245  12$aDrosophila Preparation and Longitudinal Imaging of Heart Function In Vivo Using Optical Coherence Microscopy (OCM)$h[electronic resource]
=260  \\$aCambridge, MA$bMyJoVE Corp$c2016
=300  \\$aonline resource (613 seconds)
=490  0\$aBiology
=500  \\$aTitle from resource description page
=520  \\$aHere, the experimental protocols are described for preparing Drosophila at different developmental stages and performing longitudinal optical imaging of Drosophila heartbeats using a custom optical coherence microscopy (OCM) system. The cardiac morphological and dynamical changes can be quantitatively characterized by analyzing the heart structural and functional parameters from OCM images.
=521  \\$aFor undergraduate, graduate, and professional students
=546  \\$aEnglish
=650  \0$aBiology
=856  40$uhttps://www.jove.com/video/55002
=945  \\$aThe Whole World

