=LDR  00834ngm a2200000i 4500
=001  JoVEMedicine54948
=008  161201s2016\\\\xx\\\\\g\\\\\\s\\\\\eng\d
=035  \\$a(OCoLC)733445860
=040  \\$aVaAlASP$cVaAlASP
=100  1\$aRegan,Kelly
=245  12$aDrug Repurposing Hypothesis Generation Using the "RE:fine Drugs" System$h[electronic resource]
=260  \\$aCambridge, MA$bMyJoVE Corp$c2016
=300  \\$aonline resource (310 seconds)
=490  0\$aMedicine
=500  \\$aTitle from resource description page
=520  \\$aHere we describe a protocol using the web-based drug repurposing hypothesis generation tool: "RE:fine Drugs." This protocol can be modified to a user's preferences at the level of the query type (gene, drug or disease) and/or the range of available advanced options. 
=521  \\$aFor undergraduate, graduate, and professional students
=546  \\$aEnglish
=650  \0$aMedicine
=856  40$uhttps://www.jove.com/video/54948
=945  \\$aThe Whole World

