=LDR  00895ngm a2200000i 4500
=001  JoVEMedicine54914
=008  161201s2016\\\\xx\\\\\g\\\\\\s\\\\\eng\d
=035  \\$a(OCoLC)733445860
=040  \\$aVaAlASP$cVaAlASP
=100  1\$aValentin,Jérémy
=245  12$aHistological Quantification of Chronic Myocardial Infarct in Rats$h[electronic resource]
=260  \\$aCambridge, MA$bMyJoVE Corp$c2016
=300  \\$aonline resource (585 seconds)
=490  0\$aMedicine
=500  \\$aTitle from resource description page
=520  \\$aThe post-mortem assessment of myocardial infarction (MI) in rodents is based on quantification of the infarct on stained heart sections. We describe an accurate method to quantify the infarct size using systematic sampling of harvested rat hearts from base to apex and image analyses of trichrome-stained histological sections. 
=521  \\$aFor undergraduate, graduate, and professional students
=546  \\$aEnglish
=650  \0$aMedicine
=856  40$uhttps://www.jove.com/video/54914
=945  \\$aThe Whole World

