=LDR  00698ngm a2200000i 4500
=001  JoVEMedicine54859
=008  161201s2016\\\\xx\\\\\g\\\\\\s\\\\\eng\d
=035  \\$a(OCoLC)733445860
=040  \\$aVaAlASP$cVaAlASP
=100  1\$aDeyhle,Michael R.
=245  12$aInduction and Assessment of Exertional Skeletal Muscle Damage in Humans$h[electronic resource]
=260  \\$aCambridge, MA$bMyJoVE Corp$c2016
=300  \\$aonline resource (513 seconds)
=490  0\$aMedicine
=500  \\$aTitle from resource description page
=520  \\$aThis article describes a safe and reliable method to induce and quantify exertional skeletal muscle damage in human subjects.
=521  \\$aFor undergraduate, graduate, and professional students
=546  \\$aEnglish
=650  \0$aMedicine
=856  40$uhttps://www.jove.com/video/54859
=945  \\$aThe Whole World

