=LDR  01029ngm a2200000i 4500
=001  JoVEBiology54899
=008  161201s2016\\\\xx\\\\\g\\\\\\s\\\\\eng\d
=035  \\$a(OCoLC)733445860
=040  \\$aVaAlASP$cVaAlASP
=100  1\$aTubbs,Emily
=245  12$aStudy of Endoplasmic Reticulum and Mitochondria Interactions by In Situ Proximity Ligation Assay in Fixed Cells$h[electronic resource]
=260  \\$aCambridge, MA$bMyJoVE Corp$c2016
=300  \\$aonline resource (574 seconds)
=490  0\$aBiology
=500  \\$aTitle from resource description page
=520  \\$aHere, we describe a procedure to visualize and quantify with high sensitivity the endogenous interactions between the endoplasmic reticulum and mitochondria in fixed cells. The protocol features an optimized in situ proximity ligation assay targeting the inositol 1,4,5-triphosphate receptor/glucose-regulated protein 75/voltage-dependent anion channel/cyclophilin D complex at the mitochondria-associated membrane interface.
=521  \\$aFor undergraduate, graduate, and professional students
=546  \\$aEnglish
=650  \0$aBiology
=856  40$uhttps://www.jove.com/video/54899
=945  \\$aThe Whole World

