=LDR  01014ngm a2200000i 4500
=001  JoVEMedicine54883
=008  161201s2016\\\\xx\\\\\g\\\\\\s\\\\\eng\d
=035  \\$a(OCoLC)733445860
=040  \\$aVaAlASP$cVaAlASP
=100  1\$aPapadelis,Christos
=245  12$aInterictal High Frequency Oscillations Detected with Simultaneous Magnetoencephalography and Electroencephalography as Biomarker of Pediatric Epilepsy$h[electronic resource]
=260  \\$aCambridge, MA$bMyJoVE Corp$c2016
=300  \\$aonline resource (622 seconds)
=490  0\$aMedicine
=500  \\$aTitle from resource description page
=520  \\$aHigh Frequency Oscillations (HFOs) have emerged as presurgical biomarkers for the identification of the epileptogenic zone in pediatric patients with medically refractory epilepsy. A methodology for the noninvasive recording, detection, and localization of HFOs with simultaneous scalp electroencephalography (EEG) and magnetoencephalography (MEG) is presented.
=521  \\$aFor undergraduate, graduate, and professional students
=546  \\$aEnglish
=650  \0$aMedicine
=856  40$uhttps://www.jove.com/video/54883
=945  \\$aThe Whole World

