=LDR  00929ngm a2200000i 4500
=001  JoVEMedicine54796
=008  161201s2016\\\\xx\\\\\g\\\\\\s\\\\\eng\d
=035  \\$a(OCoLC)733445860
=040  \\$aVaAlASP$cVaAlASP
=100  1\$aArango-Lievano,Margarita
=245  12$aLongitudinal In Vivo Imaging of the Cerebrovasculature: Relevance to CNS Diseases$h[electronic resource]
=260  \\$aCambridge, MA$bMyJoVE Corp$c2016
=300  \\$aonline resource (467 seconds)
=490  0\$aMedicine
=500  \\$aTitle from resource description page
=520  \\$aThis manuscript describes a procedure to track the remodeling of the cerebrovasculature during amyloid plaque accumulation in vivo using longitudinal two-photon microscopy. A thinned-skull preparation enables the visualization of fluorescent dyes to assess the progression of cerebrovascular damage in a mouse model of Alzheimer's disease.
=521  \\$aFor undergraduate, graduate, and professional students
=546  \\$aEnglish
=650  \0$aMedicine
=856  40$uhttps://www.jove.com/video/54796
=945  \\$aThe Whole World

