=LDR  00922ngm a2200000i 4500
=001  JoVEMedicine54739
=008  161201s2016\\\\xx\\\\\g\\\\\\s\\\\\eng\d
=035  \\$a(OCoLC)733445860
=040  \\$aVaAlASP$cVaAlASP
=100  1\$aTraxdorf,Maximilian
=245  12$aDrug-Induced Sleep Endoscopy (DISE) with Target Controlled Infusion (TCI) and Bispectral Analysis in Obstructive Sleep Apnea$h[electronic resource]
=260  \\$aCambridge, MA$bMyJoVE Corp$c2016
=300  \\$aonline resource (474 seconds)
=490  0\$aMedicine
=500  \\$aTitle from resource description page
=520  \\$aThe aim of this study was to establish a standardized protocol for sleep endoscopy to differentiate obstruction patterns in obstructive sleep apnea (OSA). Target-controlled infusion (TCI) of the sedative was combined with real-time monitoring of the depth of sedation using bispectral analysis.
=521  \\$aFor undergraduate, graduate, and professional students
=546  \\$aEnglish
=650  \0$aMedicine
=856  40$uhttps://www.jove.com/video/54739
=945  \\$aThe Whole World

