=LDR  00728ngm a2200000i 4500
=001  JoVEBiology54773
=008  161201s2016\\\\xx\\\\\g\\\\\\s\\\\\eng\d
=035  \\$a(OCoLC)733445860
=040  \\$aVaAlASP$cVaAlASP
=100  1\$aLang,Di
=245  12$aHigh-resolution Optical Mapping of the Mouse Sino-atrial Node$h[electronic resource]
=260  \\$aCambridge, MA$bMyJoVE Corp$c2016
=300  \\$aonline resource (667 seconds)
=490  0\$aBiology
=500  \\$aTitle from resource description page
=520  \\$aHere, we present a protocol for optical mapping of electrical activity from the mouse right atrium and especially the sino-atrial node, at a high spatial and temporal resolution.
=521  \\$aFor undergraduate, graduate, and professional students
=546  \\$aEnglish
=650  \0$aBiology
=856  40$uhttps://www.jove.com/video/54773
=945  \\$aThe Whole World

