=LDR  00852ngm a2200000i 4500
=001  JoVEMedicine54818
=008  161201s2016\\\\xx\\\\\g\\\\\\s\\\\\eng\d
=035  \\$a(OCoLC)733445860
=040  \\$aVaAlASP$cVaAlASP
=100  1\$aKu,Hui-Chun
=245  12$aA Model of Cardiac Remodeling Through Constriction of the Abdominal Aorta in Rats$h[electronic resource]
=260  \\$aCambridge, MA$bMyJoVE Corp$c2016
=300  \\$aonline resource (451 seconds)
=490  0\$aMedicine
=500  \\$aTitle from resource description page
=520  \\$aA rat model of abdominal aortic constriction that induces cardiac hypertrophy and remodeling is described. An efficient, highly-reproducible, and minimally-invasive method is used to provide a simple yet useful platform for research in myocardial hypertrophy and dysfunction.
=521  \\$aFor undergraduate, graduate, and professional students
=546  \\$aEnglish
=650  \0$aMedicine
=856  40$uhttps://www.jove.com/video/54818
=945  \\$aThe Whole World

