=LDR  00888ngm a2200000i 4500
=001  JoVEBiology54730
=008  161201s2016\\\\xx\\\\\g\\\\\\s\\\\\eng\d
=035  \\$a(OCoLC)733445860
=040  \\$aVaAlASP$cVaAlASP
=100  1\$aMalinovska,Liliana
=245  12$aStudying the Protein Quality Control System of D. discoideum Using Temperature-controlled Live Cell Imaging$h[electronic resource]
=260  \\$aCambridge, MA$bMyJoVE Corp$c2016
=300  \\$aonline resource (369 seconds)
=490  0\$aBiology
=500  \\$aTitle from resource description page
=520  \\$aThe social amoebae Dictyostelium discoideum has recently been established as a system to study protein misfolding and proteostasis. Here, we describe a new imaging-based methodology to study temperature-induced protein aggregation and the cellular stress response in D. discoideum.
=521  \\$aFor undergraduate, graduate, and professional students
=546  \\$aEnglish
=650  \0$aBiology
=856  40$uhttps://www.jove.com/video/54730
=945  \\$aThe Whole World

