=LDR  01058ngm a2200000i 4500
=001  JoVEBiology54774
=008  161201s2016\\\\xx\\\\\g\\\\\\s\\\\\eng\d
=035  \\$a(OCoLC)733445860
=040  \\$aVaAlASP$cVaAlASP
=100  1\$aWang,Yilin
=245  12$aThree-dimensional Super Resolution Microscopy of F-actin Filaments by Interferometric PhotoActivated Localization Microscopy (iPALM)$h[electronic resource]
=260  \\$aCambridge, MA$bMyJoVE Corp$c2016
=300  \\$aonline resource (717 seconds)
=490  0\$aBiology
=500  \\$aTitle from resource description page
=520  \\$aWe present a protocol for the application of interferometric PhotoActivated Localization Microscopy (iPALM), a 3-dimensional single-molecule localization super resolution microscopy method, to the imaging of the actin cytoskeleton in adherent mammalian cells. This approach allows light-based visualization of nanoscale structural features that would otherwise remain unresolved by conventional diffraction-limited optical microscopy.
=521  \\$aFor undergraduate, graduate, and professional students
=546  \\$aEnglish
=650  \0$aBiology
=856  40$uhttps://www.jove.com/video/54774
=945  \\$aThe Whole World

