=LDR  00943ngm a2200000i 4500
=001  JoVEMedicine54597
=008  161201s2016\\\\xx\\\\\g\\\\\\s\\\\\eng\d
=035  \\$a(OCoLC)733445860
=040  \\$aVaAlASP$cVaAlASP
=100  1\$aFelton,Jessica
=245  12$aUsing Multi-fluorinated Bile Acids and In Vivo Magnetic Resonance Imaging to Measure Bile Acid Transport$h[electronic resource]
=260  \\$aCambridge, MA$bMyJoVE Corp$c2016
=300  \\$aonline resource (522 seconds)
=490  0\$aMedicine
=500  \\$aTitle from resource description page
=520  \\$aTools to diagnose bile acid malabsorption and measure bile acid transport in vivo are limited. An innovative approach in live animals is described that utilizes combined proton (1H) plus fluorine (19F) magnetic resonance imaging; this novel methodology has translational potential to screen for bile acid malabsorption in clinical practice.
=521  \\$aFor undergraduate, graduate, and professional students
=546  \\$aEnglish
=650  \0$aMedicine
=856  40$uhttps://www.jove.com/video/54597
=945  \\$aThe Whole World

