=LDR  00808ngm a2200000i 4500
=001  JoVEMedicine54837
=008  161201s2016\\\\xx\\\\\g\\\\\\s\\\\\eng\d
=035  \\$a(OCoLC)733445860
=040  \\$aVaAlASP$cVaAlASP
=100  1\$aOgai,Kazuhiro
=245  12$aA Detailed Protocol for Perspiration Monitoring Using a Novel, Small, Wireless Device$h[electronic resource]
=260  \\$aCambridge, MA$bMyJoVE Corp$c2016
=300  \\$aonline resource (332 seconds)
=490  0\$aMedicine
=500  \\$aTitle from resource description page
=520  \\$aRecently, we developed a small wireless device for perspiration monitoring. In this article, we present detailed protocols on how to use the device for perspiration monitoring with an example of the sympathetic activity test.
=521  \\$aFor undergraduate, graduate, and professional students
=546  \\$aEnglish
=650  \0$aMedicine
=856  40$uhttps://www.jove.com/video/54837
=945  \\$aThe Whole World

