=LDR  00942ngm a2200000i 4500
=001  JoVEMedicine54814
=008  161201s2016\\\\xx\\\\\g\\\\\\s\\\\\eng\d
=035  \\$a(OCoLC)733445860
=040  \\$aVaAlASP$cVaAlASP
=100  1\$aScofield,Stephanie  L. C.
=245  12$aConfirmation of Myocardial Ischemia and Reperfusion Injury in Mice Using Surface Pad Electrocardiography$h[electronic resource]
=260  \\$aCambridge, MA$bMyJoVE Corp$c2016
=300  \\$aonline resource (563 seconds)
=490  0\$aMedicine
=500  \\$aTitle from resource description page
=520  \\$aDuring murine myocardial ischemia/reperfusion surgery, correct placement of the occluding ligature is typically confirmed by visible observation of myocardial pallor. Herein, a method of electrocardiographically confirming ischemia and reperfusion, to supplement observed myocardial pallor, is demonstrated in male C57Bl/6 mice.
=521  \\$aFor undergraduate, graduate, and professional students
=546  \\$aEnglish
=650  \0$aMedicine
=856  40$uhttps://www.jove.com/video/54814
=945  \\$aThe Whole World

