=LDR  01028ngm a2200000i 4500
=001  JoVEMedicine54755
=008  161201s2016\\\\xx\\\\\g\\\\\\s\\\\\eng\d
=035  \\$a(OCoLC)733445860
=040  \\$aVaAlASP$cVaAlASP
=100  1\$aShirali,Aditya  S.
=245  12$aReproducible Arterial Denudation Injury by Infrarenal Abdominal Aortic Clamping in a Murine Model$h[electronic resource]
=260  \\$aCambridge, MA$bMyJoVE Corp$c2016
=300  \\$aonline resource (513 seconds)
=490  0\$aMedicine
=500  \\$aTitle from resource description page
=520  \\$aUnderstanding the cellular and molecular mechanisms of re-endothelialization following arterial denudation injury is of paramount importance in preventing thrombosis and restenosis of arteries. Here we describe a protocol for reproducible arterial denudation injury of the infrarenal abdominal aorta. The procedure was developed to investigate the underlying mechanisms that regulate endothelial regeneration using mouse models.
=521  \\$aFor undergraduate, graduate, and professional students
=546  \\$aEnglish
=650  \0$aMedicine
=856  40$uhttps://www.jove.com/video/54755
=945  \\$aThe Whole World

