=LDR  00813ngm a2200000i 4500
=001  JoVEBiology54754
=008  161201s2016\\\\xx\\\\\g\\\\\\s\\\\\eng\d
=035  \\$a(OCoLC)733445860
=040  \\$aVaAlASP$cVaAlASP
=100  1\$aChen,Tien-Kuan
=245  12$aHybrid-Cut: An Improved Sectioning Method for Recalcitrant Plant Tissue Samples$h[electronic resource]
=260  \\$aCambridge, MA$bMyJoVE Corp$c2016
=300  \\$aonline resource (578 seconds)
=490  0\$aBiology
=500  \\$aTitle from resource description page
=520  \\$aThis protocol describes a simple Hybrid-Cut tissue sectioning method that is useful for recalcitrant plant tissues. Good quality tissue sections enable anatomical studies and other biological studies including in situ hybridization (ISH).
=521  \\$aFor undergraduate, graduate, and professional students
=546  \\$aEnglish
=650  \0$aBiology
=856  40$uhttps://www.jove.com/video/54754
=945  \\$aThe Whole World

