=LDR  00709ngm a2200000i 4500
=001  JoVEBiology54692
=008  161201s2016\\\\xx\\\\\g\\\\\\s\\\\\eng\d
=035  \\$a(OCoLC)733445860
=040  \\$aVaAlASP$cVaAlASP
=100  1\$aBrunkard,Jacob  O.
=245  12$aVisualizing Stromule Frequency with Fluorescence Microscopy$h[electronic resource]
=260  \\$aCambridge, MA$bMyJoVE Corp$c2016
=300  \\$aonline resource (507 seconds)
=490  0\$aBiology
=500  \\$aTitle from resource description page
=520  \\$aProtocols to investigate the dynamics of chloroplast stromules, the stroma-filled tubules that extend from the surface of chloroplasts, are described.
=521  \\$aFor undergraduate, graduate, and professional students
=546  \\$aEnglish
=650  \0$aBiology
=856  40$uhttps://www.jove.com/video/54692
=945  \\$aThe Whole World

