=LDR  00904ngm a2200000i 4500
=001  JoVEMedicine54737
=008  161201s2016\\\\xx\\\\\g\\\\\\s\\\\\eng\d
=035  \\$a(OCoLC)733445860
=040  \\$aVaAlASP$cVaAlASP
=100  1\$aConvertino,Victor A.
=245  12$aIntegrated Compensatory Responses in a Human Model of Hemorrhage$h[electronic resource]
=260  \\$aCambridge, MA$bMyJoVE Corp$c2016
=300  \\$aonline resource (477 seconds)
=490  0\$aMedicine
=500  \\$aTitle from resource description page
=520  \\$aThe purpose of this protocol is to demonstrate the techniques for measuring compensatory responses to reduced central blood volume using lower body negative pressure as a noninvasive experimental model of human hemorrhage which can be used to quantify the total integration of compensatory mechanisms to blood volume deficit in humans.
=521  \\$aFor undergraduate, graduate, and professional students
=546  \\$aEnglish
=650  \0$aMedicine
=856  40$uhttps://www.jove.com/video/54737
=945  \\$aThe Whole World

