=LDR  00975ngm a2200000i 4500
=001  JoVEMedicine54718
=008  161201s2016\\\\xx\\\\\g\\\\\\s\\\\\eng\d
=035  \\$a(OCoLC)733445860
=040  \\$aVaAlASP$cVaAlASP
=100  1\$aOrdovás,Laura
=245  12$aRapid and Efficient Generation of Recombinant Human Pluripotent Stem Cells by Recombinase-mediated Cassette Exchange in the AAVS1 Locus$h[electronic resource]
=260  \\$aCambridge, MA$bMyJoVE Corp$c2016
=300  \\$aonline resource (696 seconds)
=490  0\$aMedicine
=500  \\$aTitle from resource description page
=520  \\$aHere we report a rapid and efficient gene editing method based on RMCE in the AAVS1 locus of human Pluripotent Stem Cells (hPSCs) that improves upon previously described systems. Using this technique, isogenic lines can be rapidly and reliably generated for proper comparative studies, facilitating transgenesis-mediated research with hPSCs.
=521  \\$aFor undergraduate, graduate, and professional students
=546  \\$aEnglish
=650  \0$aMedicine
=856  40$uhttps://www.jove.com/video/54718
=945  \\$aThe Whole World

