=LDR  00834ngm a2200000i 4500
=001  JoVEMedicine54504
=008  161201s2016\\\\xx\\\\\g\\\\\\s\\\\\eng\d
=035  \\$a(OCoLC)733445860
=040  \\$aVaAlASP$cVaAlASP
=100  1\$aGuo,Yan
=245  12$aThe Rodent Model of Nonarteritic Anterior Ischemic Optic Neuropathy (rNAION)$h[electronic resource]
=260  \\$aCambridge, MA$bMyJoVE Corp$c2016
=300  \\$aonline resource (409 seconds)
=490  0\$aMedicine
=500  \\$aTitle from resource description page
=520  \\$aThe following report describes how to replicate the rodent model of nonarteritic anterior ischemic optic neuropathy (rNAION), using the appropriate dye, contact lens and laser parameters. We also reveal the appropriate steps for evaluating the rNAION lesion in vivo.
=521  \\$aFor undergraduate, graduate, and professional students
=546  \\$aEnglish
=650  \0$aMedicine
=856  40$uhttps://www.jove.com/video/54504
=945  \\$aThe Whole World

