=LDR  00944ngm a2200000i 4500
=001  JoVEMedicine54786
=008  161201s2016\\\\xx\\\\\g\\\\\\s\\\\\eng\d
=035  \\$a(OCoLC)733445860
=040  \\$aVaAlASP$cVaAlASP
=100  1\$aOosterhoff,Loes A.
=245  12$aIsolation and Culture of Primary Endothelial Cells from Canine Arteries and Veins$h[electronic resource]
=260  \\$aCambridge, MA$bMyJoVE Corp$c2016
=300  \\$aonline resource (504 seconds)
=490  0\$aMedicine
=500  \\$aTitle from resource description page
=520  \\$aNovel isolation methods of primary endothelial cells from blood vessels are needed. This protocol describes a new technique that completely inverts blood vessels of interest, exposing only the endothelial side to enzymatic digestion. The resulting pure endothelial cell culture can be used to study cardiovascular diseases, disease modelling, and angiogenesis.
=521  \\$aFor undergraduate, graduate, and professional students
=546  \\$aEnglish
=650  \0$aMedicine
=856  40$uhttps://www.jove.com/video/54786
=945  \\$aThe Whole World

