=LDR  00915ngm a2200000i 4500
=001  JoVEBiology54719
=008  161201s2016\\\\xx\\\\\g\\\\\\s\\\\\eng\d
=035  \\$a(OCoLC)733445860
=040  \\$aVaAlASP$cVaAlASP
=100  1\$aO'Brien,Jacob
=245  12$aAutomated Quantification and Analysis of Cell Counting Procedures Using ImageJ Plugins$h[electronic resource]
=260  \\$aCambridge, MA$bMyJoVE Corp$c2016
=300  \\$aonline resource (661 seconds)
=490  0\$aBiology
=500  \\$aTitle from resource description page
=520  \\$aThis paper describes the quantification of hemocytometer and migration/invasion micrographs through two new open-source ImageJ plugins Cell Concentration Calculator and migration assay Counter.  Furthermore, it describes image acquisition and calibration protocols as well as discusses in detail the input requirements of the plugins.
=521  \\$aFor undergraduate, graduate, and professional students
=546  \\$aEnglish
=650  \0$aBiology
=856  40$uhttps://www.jove.com/video/54719
=945  \\$aThe Whole World

