=LDR  00740ngm a2200000i 4500
=001  JoVEBiology54712
=008  161201s2016\\\\xx\\\\\g\\\\\\s\\\\\eng\d
=035  \\$a(OCoLC)733445860
=040  \\$aVaAlASP$cVaAlASP
=100  1\$aCzogalla,Jan
=245  12$aThe Mouse Isolated Perfused Kidney Technique$h[electronic resource]
=260  \\$aCambridge, MA$bMyJoVE Corp$c2016
=300  \\$aonline resource (499 seconds)
=490  0\$aBiology
=500  \\$aTitle from resource description page
=520  \\$aThe mouse isolated perfused kidney (MIPK) is a technique for keeping a mouse kidney under ex vivo conditions perfused and functional for 1 hr. The buffers and surgical technique are described in detail.
=521  \\$aFor undergraduate, graduate, and professional students
=546  \\$aEnglish
=650  \0$aBiology
=856  40$uhttps://www.jove.com/video/54712
=945  \\$aThe Whole World

