=LDR  00839ngm a2200000i 4500
=001  JoVEMedicine54658
=008  161201s2016\\\\xx\\\\\g\\\\\\s\\\\\eng\d
=035  \\$a(OCoLC)733445860
=040  \\$aVaAlASP$cVaAlASP
=100  1\$aAfsharkhamseh,Neda
=245  12$aA Simple Mechanical Procedure to Create Limbal Stem Cell Deficiency in Mouse$h[electronic resource]
=260  \\$aCambridge, MA$bMyJoVE Corp$c2016
=300  \\$aonline resource (295 seconds)
=490  0\$aMedicine
=500  \\$aTitle from resource description page
=520  \\$aThe following article provides an easy, reproducible technique to effectively create a sustainable mouse model of limbal stem cell deficiency (LSCD). This animal model is useful in testing and comparing the efficacy of treatments for limbal stem cell diseases.
=521  \\$aFor undergraduate, graduate, and professional students
=546  \\$aEnglish
=650  \0$aMedicine
=856  40$uhttps://www.jove.com/video/54658
=945  \\$aThe Whole World

