=LDR  01002ngm a2200000i 4500
=001  JoVEMedicine53727
=008  161201s2016\\\\xx\\\\\g\\\\\\s\\\\\eng\d
=035  \\$a(OCoLC)733445860
=040  \\$aVaAlASP$cVaAlASP
=100  1\$aShafi,Mouhsin  M.
=245  12$aA Multimodal Imaging- and Stimulation-based Method of Evaluating Connectivity-related Brain Excitability in Patients with Epilepsy$h[electronic resource]
=260  \\$aCambridge, MA$bMyJoVE Corp$c2016
=300  \\$aonline resource (503 seconds)
=490  0\$aMedicine
=500  \\$aTitle from resource description page
=520  \\$aResting-state functional-connectivity MRI has identified abnormalities in patients with a wide range of neuropsychiatric disorders, including epilepsy due to malformations of cortical development. Transcranial Magnetic Stimulation in combination with EEG can demonstrate that patients with epilepsy have cortical hyperexcitability in regions with abnormal connectivity. 
=521  \\$aFor undergraduate, graduate, and professional students
=546  \\$aEnglish
=650  \0$aMedicine
=856  40$uhttps://www.jove.com/video/53727
=945  \\$aThe Whole World

