=LDR  00824ngm a2200000i 4500
=001  JoVEMedicine52895
=008  161201s2016\\\\xx\\\\\g\\\\\\s\\\\\eng\d
=035  \\$a(OCoLC)733445860
=040  \\$aVaAlASP$cVaAlASP
=100  1\$aStaup,Michael
=245  12$aCharacterization of Metabolic Status in Nonhuman Primates with the Intravenous Glucose Tolerance Test$h[electronic resource]
=260  \\$aCambridge, MA$bMyJoVE Corp$c2016
=300  \\$aonline resource (419 seconds)
=490  0\$aMedicine
=500  \\$aTitle from resource description page
=520  \\$aThe goal of this protocol is to present a standard method to perform intravenous glucose tolerance tests (IVGTTs) to assess glycemic control in nonhuman primates and assess their metabolic status from healthy to dysmetabolic.
=521  \\$aFor undergraduate, graduate, and professional students
=546  \\$aEnglish
=650  \0$aMedicine
=856  40$uhttps://www.jove.com/video/52895
=945  \\$aThe Whole World

