=LDR  00699ngm a2200000i 4500
=001  JoVEBiology54803
=008  161201s2016\\\\xx\\\\\g\\\\\\s\\\\\eng\d
=035  \\$a(OCoLC)733445860
=040  \\$aVaAlASP$cVaAlASP
=100  1\$aDiBona,Christopher  W.
=245  12$aA Method for Extracting Pigments from Squid Doryteuthis pealeii$h[electronic resource]
=260  \\$aCambridge, MA$bMyJoVE Corp$c2016
=300  \\$aonline resource (663 seconds)
=490  0\$aBiology
=500  \\$aTitle from resource description page
=520  \\$aA protocol for the extraction of pigments from the nanostructured granules in squid Doryteuthis pealeii chromatophores is presented.
=521  \\$aFor undergraduate, graduate, and professional students
=546  \\$aEnglish
=650  \0$aBiology
=856  40$uhttps://www.jove.com/video/54803
=945  \\$aThe Whole World

