=LDR  00884ngm a2200000i 4500
=001  JoVEMedicine54622
=008  161201s2016\\\\xx\\\\\g\\\\\\s\\\\\eng\d
=035  \\$a(OCoLC)733445860
=040  \\$aVaAlASP$cVaAlASP
=100  1\$aHonasoge,Akilesh
=245  12$aA Novel Approach for the Administration of Medications and Fluids in Emergency Scenarios and Settings$h[electronic resource]
=260  \\$aCambridge, MA$bMyJoVE Corp$c2016
=300  \\$aonline resource (419 seconds)
=490  0\$aMedicine
=500  \\$aTitle from resource description page
=520  \\$aThis study presents a novel device that offers an easy route to quickly provide medications and fluids in patients with limited or difficult IV access. This small-diameter device is placed in the distal third of the rectum, allowing for ongoing medication and fluids administration.
=521  \\$aFor undergraduate, graduate, and professional students
=546  \\$aEnglish
=650  \0$aMedicine
=856  40$uhttps://www.jove.com/video/54622
=945  \\$aThe Whole World

