=LDR  00835ngm a2200000i 4500
=001  JoVEMedicine54606
=008  161201s2016\\\\xx\\\\\g\\\\\\s\\\\\eng\d
=035  \\$a(OCoLC)733445860
=040  \\$aVaAlASP$cVaAlASP
=100  1\$aBarbero,Pierangelo
=245  12$aUltrasound-guided Botulinum Toxin-A Injections: A Method of Treating Sialorrhea$h[electronic resource]
=260  \\$aCambridge, MA$bMyJoVE Corp$c2016
=300  \\$aonline resource (425 seconds)
=490  0\$aMedicine
=500  \\$aTitle from resource description page
=520  \\$aBotulinum toxin is injected into the salivary glands for the treatment of sialorrhea. The ultrasound-guided botulinum toxin injection in both the parotid and submandibular glands demonstrates a sustained efficacy and the absence of serious side effects.
=521  \\$aFor undergraduate, graduate, and professional students
=546  \\$aEnglish
=650  \0$aMedicine
=856  40$uhttps://www.jove.com/video/54606
=945  \\$aThe Whole World

