=LDR  00900ngm a2200000i 4500
=001  JoVEBiology54709
=008  161201s2016\\\\xx\\\\\g\\\\\\s\\\\\eng\d
=035  \\$a(OCoLC)733445860
=040  \\$aVaAlASP$cVaAlASP
=100  1\$aCheng,Chunming
=245  12$aAnalysis of SCAP N-glycosylation and Trafficking in Human Cells$h[electronic resource]
=260  \\$aCambridge, MA$bMyJoVE Corp$c2016
=300  \\$aonline resource (687 seconds)
=490  0\$aBiology
=500  \\$aTitle from resource description page
=520  \\$aWe describe a modified method for membrane fraction isolation from human cells and sample preparation for the detection of SCAP N-glycosylation and total protein by using western blot. We further introduce a GFP-labeling method to monitor SCAP trafficking using confocal microscopy. This protocol can be used in regular biology laboratories.
=521  \\$aFor undergraduate, graduate, and professional students
=546  \\$aEnglish
=650  \0$aBiology
=856  40$uhttps://www.jove.com/video/54709
=945  \\$aThe Whole World

