=LDR  00895ngm a2200000i 4500
=001  JoVEMedicine53569
=008  161201s2016\\\\xx\\\\\g\\\\\\s\\\\\eng\d
=035  \\$a(OCoLC)733445860
=040  \\$aVaAlASP$cVaAlASP
=100  1\$aFeather-Schussler,Danielle  N.
=245  12$aA Battery of Motor Tests in a Neonatal Mouse Model of Cerebral Palsy$h[electronic resource]
=260  \\$aCambridge, MA$bMyJoVE Corp$c2016
=300  \\$aonline resource (602 seconds)
=490  0\$aMedicine
=500  \\$aTitle from resource description page
=520  \\$aPresented is a concise battery of mouse neonatal motor tests. Using these tests, neonatal motor deficits can be demonstrated in a variety of neonatal motor disorders. By having a standardized set of tests, results from different studies can be compared, allowing for better and accurate reporting between groups.
=521  \\$aFor undergraduate, graduate, and professional students
=546  \\$aEnglish
=650  \0$aMedicine
=856  40$uhttps://www.jove.com/video/53569
=945  \\$aThe Whole World

