=LDR  00901ngm a2200000i 4500
=001  JoVEBiology54744
=008  161201s2016\\\\xx\\\\\g\\\\\\s\\\\\eng\d
=035  \\$a(OCoLC)733445860
=040  \\$aVaAlASP$cVaAlASP
=100  1\$aHazegh,Kelsey  E.
=245  12$aA Buoyancy-based Method of Determining Fat Levels in Drosophila$h[electronic resource]
=260  \\$aCambridge, MA$bMyJoVE Corp$c2016
=300  \\$aonline resource (480 seconds)
=490  0\$aBiology
=500  \\$aTitle from resource description page
=520  \\$aHere we present a method to measure organismal fat levels in the third instar (L3) larval stage of Drosophila melanogaster. This method exploits the comparatively low density of fat tissue to differentiate between larvae with altered fat stores. Buoyancy-based analysis is a valuable tool for rapid, reproducible, and economical screening.
=521  \\$aFor undergraduate, graduate, and professional students
=546  \\$aEnglish
=650  \0$aBiology
=856  40$uhttps://www.jove.com/video/54744
=945  \\$aThe Whole World

