=LDR  00854ngm a2200000i 4500
=001  JoVEBiology54717
=008  161201s2016\\\\xx\\\\\g\\\\\\s\\\\\eng\d
=035  \\$a(OCoLC)733445860
=040  \\$aVaAlASP$cVaAlASP
=100  1\$aLing,Qihua
=245  12$aAnalysis of Protein Import into Chloroplasts Isolated from Stressed Plants$h[electronic resource]
=260  \\$aCambridge, MA$bMyJoVE Corp$c2016
=300  \\$aonline resource (618 seconds)
=490  0\$aBiology
=500  \\$aTitle from resource description page
=520  \\$aHere we describe a new method to study protein import into isolated chloroplasts under stress. The method is rapid and straightforward, and can be applied to study the consequences of different stress conditions for chloroplast protein import, and the corresponding regulatory mechanisms.
=521  \\$aFor undergraduate, graduate, and professional students
=546  \\$aEnglish
=650  \0$aBiology
=856  40$uhttps://www.jove.com/video/54717
=945  \\$aThe Whole World

