=LDR  00794ngm a2200000i 4500
=001  JoVEBiology54666
=008  161201s2016\\\\xx\\\\\g\\\\\\s\\\\\eng\d
=035  \\$a(OCoLC)733445860
=040  \\$aVaAlASP$cVaAlASP
=100  1\$aRadford,Sarah J.
=245  12$aTechniques for Imaging Prometaphase and Metaphase of Meiosis I in Fixed Drosophila Oocytes$h[electronic resource]
=260  \\$aCambridge, MA$bMyJoVE Corp$c2016
=300  \\$aonline resource (551 seconds)
=490  0\$aBiology
=500  \\$aTitle from resource description page
=520  \\$aWe present protocols for the collection, preparation, and imaging of mature Drosophila oocytes. These methods allow the visualization of chromosome behavior and spindle assembly and function during meiosis.
=521  \\$aFor undergraduate, graduate, and professional students
=546  \\$aEnglish
=650  \0$aBiology
=856  40$uhttps://www.jove.com/video/54666
=945  \\$aThe Whole World

