=LDR  00973ngm a2200000i 4500
=001  JoVEBiology54632
=008  161201s2016\\\\xx\\\\\g\\\\\\s\\\\\eng\d
=035  \\$a(OCoLC)733445860
=040  \\$aVaAlASP$cVaAlASP
=100  1\$aWhite,Luke A.
=245  12$aThe Assembly and Application of 'Shear Rings': A Novel Endothelial Model for Orbital, Unidirectional and Periodic Fluid Flow and Shear Stress$h[electronic resource]
=260  \\$aCambridge, MA$bMyJoVE Corp$c2016
=300  \\$aonline resource (560 seconds)
=490  0\$aBiology
=500  \\$aTitle from resource description page
=520  \\$aDifferent levels and patterns of fluid shear are known to modulate endothelial gene expression, phenotype and susceptibility to disease. We discuss the assembly and use of 'shear rings': a model that produces unidirectional, periodic shear stress patterns. Shear rings are simple to assemble, economical and can produce high cell yields.
=521  \\$aFor undergraduate, graduate, and professional students
=546  \\$aEnglish
=650  \0$aBiology
=856  40$uhttps://www.jove.com/video/54632
=945  \\$aThe Whole World

