=LDR  00784ngm a2200000i 4500
=001  JoVEMedicine54731
=008  161201s2016\\\\xx\\\\\g\\\\\\s\\\\\eng\d
=035  \\$a(OCoLC)733445860
=040  \\$aVaAlASP$cVaAlASP
=100  1\$aUthamaraj,Susheil
=245  12$aFabrication of Small Caliber Stent-grafts Using Electrospinning and Balloon Expandable Bare Metal Stents$h[electronic resource]
=260  \\$aCambridge, MA$bMyJoVE Corp$c2016
=300  \\$aonline resource (415 seconds)
=490  0\$aMedicine
=500  \\$aTitle from resource description page
=520  \\$aIn the protocol, we present a method to manufacture a small caliber stent-graft by sandwiching a balloon expandable stent between two electrospun nanofibrous polyurethane layers.
=521  \\$aFor undergraduate, graduate, and professional students
=546  \\$aEnglish
=650  \0$aMedicine
=856  40$uhttps://www.jove.com/video/54731
=945  \\$aThe Whole World

