=LDR  00974ngm a2200000i 4500
=001  JoVEBiology54587
=008  161201s2016\\\\xx\\\\\g\\\\\\s\\\\\eng\d
=035  \\$a(OCoLC)733445860
=040  \\$aVaAlASP$cVaAlASP
=100  1\$aProsser,Derek  C.
=245  12$aApplications of pHluorin for Quantitative, Kinetic and High-throughput Analysis of Endocytosis in Budding Yeast$h[electronic resource]
=260  \\$aCambridge, MA$bMyJoVE Corp$c2016
=300  \\$aonline resource (602 seconds)
=490  0\$aBiology
=500  \\$aTitle from resource description page
=520  \\$aAccurate quantification of vesicular trafficking events often provides key insights into roles for specific proteins and the effects of mutations. This paper presents methods for using superecliptic pHluorin, a pH-sensitive GFP variant, as a tool for quantification of endocytic events in living cells using quantitative fluorescence microscopy and flow cytometry.
=521  \\$aFor undergraduate, graduate, and professional students
=546  \\$aEnglish
=650  \0$aBiology
=856  40$uhttps://www.jove.com/video/54587
=945  \\$aThe Whole World

