=LDR  00909ngm a2200000i 4500
=001  JoVEBiology54555
=008  161201s2016\\\\xx\\\\\g\\\\\\s\\\\\eng\d
=035  \\$a(OCoLC)733445860
=040  \\$aVaAlASP$cVaAlASP
=100  1\$aSharpe,Emily  J.
=245  12$aMethods for the Isolation, Culture, and Functional Characterization of Sinoatrial Node Myocytes from Adult Mice$h[electronic resource]
=260  \\$aCambridge, MA$bMyJoVE Corp$c2016
=300  \\$aonline resource (572 seconds)
=490  0\$aBiology
=500  \\$aTitle from resource description page
=520  \\$aMethods are demonstrated for the isolation of sinoatrial node myocytes (SAMs) from adult mice for patch clamp electrophysiology or imaging studies. Isolated cells can be used directly or can be maintained in culture to permit expression of proteins of interest, such as genetically encoded reporters.
=521  \\$aFor undergraduate, graduate, and professional students
=546  \\$aEnglish
=650  \0$aBiology
=856  40$uhttps://www.jove.com/video/54555
=945  \\$aThe Whole World

