=LDR  01013ngm a2200000i 4500
=001  JoVEMedicine54736
=008  161201s2016\\\\xx\\\\\g\\\\\\s\\\\\eng\d
=035  \\$a(OCoLC)733445860
=040  \\$aVaAlASP$cVaAlASP
=100  1\$aHensel,Kai  O.
=245  12$aTransthoracic Speckle Tracking Echocardiography for the Quantitative Assessment of Left Ventricular Myocardial Deformation$h[electronic resource]
=260  \\$aCambridge, MA$bMyJoVE Corp$c2016
=300  \\$aonline resource (545 seconds)
=490  0\$aMedicine
=500  \\$aTitle from resource description page
=520  \\$aSpeckle tracking echocardiography is an emerging diagnostic imaging technique for the quantitative assessment of global and regional myocardial performance. Standard view echocardiographic motion images are recorded and deformation parameters are subsequently measured by automated continuous frame-by-frame tracking and motion analysis of speckles within the B-mode images of the myocardium.
=521  \\$aFor undergraduate, graduate, and professional students
=546  \\$aEnglish
=650  \0$aMedicine
=856  40$uhttps://www.jove.com/video/54736
=945  \\$aThe Whole World

