=LDR  00965ngm a2200000i 4500
=001  JoVEMedicine54541
=008  161201s2016\\\\xx\\\\\g\\\\\\s\\\\\eng\d
=035  \\$a(OCoLC)733445860
=040  \\$aVaAlASP$cVaAlASP
=100  1\$aHeywood,Wendy  E.
=245  12$aA High Throughput, Multiplexed and Targeted Proteomic CSF Assay to Quantify Neurodegenerative Biomarkers and Apolipoprotein E Isoforms Status$h[electronic resource]
=260  \\$aCambridge, MA$bMyJoVE Corp$c2016
=300  \\$aonline resource (428 seconds)
=490  0\$aMedicine
=500  \\$aTitle from resource description page
=520  \\$aWe describe a high-throughput, multiplex, and targeted proteomic cerebrospinal fluid (CSF) assay developed with potential for clinical translation. The test can quantitate potential markers and risk factors for neurodegeneration, such as the apolipoprotein E variants (E2, E3 and E4), and measure their allelic expression.
=521  \\$aFor undergraduate, graduate, and professional students
=546  \\$aEnglish
=650  \0$aMedicine
=856  40$uhttps://www.jove.com/video/54541
=945  \\$aThe Whole World

