=LDR  00899ngm a2200000i 4500
=001  JoVEMedicine54302
=008  161201s2016\\\\xx\\\\\g\\\\\\s\\\\\eng\d
=035  \\$a(OCoLC)733445860
=040  \\$aVaAlASP$cVaAlASP
=100  1\$aVital,Shantel  A.
=245  12$aSurgical Approach for Middle Cerebral Artery Occlusion and Reperfusion Induced Stroke in Mice$h[electronic resource]
=260  \\$aCambridge, MA$bMyJoVE Corp$c2016
=300  \\$aonline resource (630 seconds)
=490  0\$aMedicine
=500  \\$aTitle from resource description page
=520  \\$aIn order to understand the pathophysiology of stroke, it is important to use reliable models. This paper will describe one of the most frequently used stroke models in mice, termed the middle cerebral artery occlusion (MCAo) model (also termed the intraluminal filament or suture model) with reperfusion.
=521  \\$aFor undergraduate, graduate, and professional students
=546  \\$aEnglish
=650  \0$aMedicine
=856  40$uhttps://www.jove.com/video/54302
=945  \\$aThe Whole World

