=LDR  00706ngm a2200000i 4500
=001  JoVEBiology54630
=008  161201s2016\\\\xx\\\\\g\\\\\\s\\\\\eng\d
=035  \\$a(OCoLC)733445860
=040  \\$aVaAlASP$cVaAlASP
=100  1\$aBae,Yong Ho
=245  12$aMeasuring the Stiffness of Ex Vivo Mouse Aortas Using Atomic Force Microscopy$h[electronic resource]
=260  \\$aCambridge, MA$bMyJoVE Corp$c2016
=300  \\$aonline resource (635 seconds)
=490  0\$aBiology
=500  \\$aTitle from resource description page
=520  \\$aWe present detailed protocols for isolation of aortas from mouse and measurement of their elastic modulus using atomic force microscopy.
=521  \\$aFor undergraduate, graduate, and professional students
=546  \\$aEnglish
=650  \0$aBiology
=856  40$uhttps://www.jove.com/video/54630
=945  \\$aThe Whole World

