=LDR  00835ngm a2200000i 4500
=001  JoVEBiology54550
=008  161201s2016\\\\xx\\\\\g\\\\\\s\\\\\eng\d
=035  \\$a(OCoLC)733445860
=040  \\$aVaAlASP$cVaAlASP
=100  1\$aNg,Yan Cheng
=245  12$aVisualization and Quantification of the Cell-free Layer in Arterioles of the Rat Cremaster Muscle$h[electronic resource]
=260  \\$aCambridge, MA$bMyJoVE Corp$c2016
=300  \\$aonline resource (370 seconds)
=490  0\$aBiology
=500  \\$aTitle from resource description page
=520  \\$aThis study demonstrates the surgical preparation of the rat cremaster muscle for the visualization of the in vivo cell-free layer. Considerable factors affecting the accuracy of the cell-free layer width measurement are discussed in this study.
=521  \\$aFor undergraduate, graduate, and professional students
=546  \\$aEnglish
=650  \0$aBiology
=856  40$uhttps://www.jove.com/video/54550
=945  \\$aThe Whole World

