=LDR  00876ngm a2200000i 4500
=001  JoVEMedicine54021
=008  161201s2016\\\\xx\\\\\g\\\\\\s\\\\\eng\d
=035  \\$a(OCoLC)733445860
=040  \\$aVaAlASP$cVaAlASP
=100  1\$aEllenbroek,Guilielmus  H.J.M.
=245  12$aPrimary Outcome Assessment in a Pig Model of Acute Myocardial Infarction$h[electronic resource]
=260  \\$aCambridge, MA$bMyJoVE Corp$c2016
=300  \\$aonline resource (859 seconds)
=490  0\$aMedicine
=500  \\$aTitle from resource description page
=520  \\$aReliable and accurate outcome assessment is the key for translation of preclinical therapies into clinical treatment. The current paper describes how to assess three clinically relevant primary outcome parameters of cardiac performance and damage in a pig acute myocardial infarction model.
=521  \\$aFor undergraduate, graduate, and professional students
=546  \\$aEnglish
=650  \0$aMedicine
=856  40$uhttps://www.jove.com/video/54021
=945  \\$aThe Whole World

