=LDR  00700ngm a2200000i 4500
=001  JoVEBiology54724
=008  161201s2016\\\\xx\\\\\g\\\\\\s\\\\\eng\d
=035  \\$a(OCoLC)733445860
=040  \\$aVaAlASP$cVaAlASP
=100  1\$aKumar,Sachin
=245  12$aAn Alternative Approach for Sample Preparation with Low Cell Number for TEM Analysis$h[electronic resource]
=260  \\$aCambridge, MA$bMyJoVE Corp$c2016
=300  \\$aonline resource (557 seconds)
=490  0\$aBiology
=500  \\$aTitle from resource description page
=520  \\$aHere, we present a protocol to prepare samples with low cell numbers for transmission electron microscopy (TEM) analysis. 
=521  \\$aFor undergraduate, graduate, and professional students
=546  \\$aEnglish
=650  \0$aBiology
=856  40$uhttps://www.jove.com/video/54724
=945  \\$aThe Whole World

