=LDR  00816ngm a2200000i 4500
=001  JoVEMedicine54530
=008  161201s2016\\\\xx\\\\\g\\\\\\s\\\\\eng\d
=035  \\$a(OCoLC)733445860
=040  \\$aVaAlASP$cVaAlASP
=100  1\$aYang,Zhihui
=245  12$aA Repetitive Concussive Head Injury Model in Mice$h[electronic resource]
=260  \\$aCambridge, MA$bMyJoVE Corp$c2016
=300  \\$aonline resource (342 seconds)
=490  0\$aMedicine
=500  \\$aTitle from resource description page
=520  \\$aConcussion presents the most common type of traumatic brain injury. Therefore, a repetitive concussive animal model, which replicates the important features of an injury in patients, may provide a means to study concussion in a rigorous, controlled, and efficient manner.
=521  \\$aFor undergraduate, graduate, and professional students
=546  \\$aEnglish
=650  \0$aMedicine
=856  40$uhttps://www.jove.com/video/54530
=945  \\$aThe Whole World

