=LDR  00930ngm a2200000i 4500
=001  JoVEMedicine52940
=008  161201s2016\\\\xx\\\\\g\\\\\\s\\\\\eng\d
=035  \\$a(OCoLC)733445860
=040  \\$aVaAlASP$cVaAlASP
=100  1\$aManassero,Mathieu
=245  12$aEstablishment of a Segmental Femoral Critical-size Defect Model in Mice Stabilized by Plate Osteosynthesis$h[electronic resource]
=260  \\$aCambridge, MA$bMyJoVE Corp$c2016
=300  \\$aonline resource (398 seconds)
=490  0\$aMedicine
=500  \\$aTitle from resource description page
=520  \\$aAlthough mouse models are invaluable tools for bone tissue engineering, models of long bone defects are sparse. This need motivated development of the present protocol which uses a locking plate with four screws and a dedicated jig to perform and stabilize a reproducible, femoral, critical-size defect with low morbidity.
=521  \\$aFor undergraduate, graduate, and professional students
=546  \\$aEnglish
=650  \0$aMedicine
=856  40$uhttps://www.jove.com/video/52940
=945  \\$aThe Whole World

