=LDR  00976ngm a2200000i 4500
=001  JoVEMedicine54275
=008  161201s2016\\\\xx\\\\\g\\\\\\s\\\\\eng\d
=035  \\$a(OCoLC)733445860
=040  \\$aVaAlASP$cVaAlASP
=100  1\$aVeeravelli,Suhitha
=245  12$aExergaming in Older People Living with HIV Improves Balance, Mobility and Ameliorates Some Aspects of Frailty$h[electronic resource]
=260  \\$aCambridge, MA$bMyJoVE Corp$c2016
=300  \\$aonline resource (447 seconds)
=490  0\$aMedicine
=500  \\$aTitle from resource description page
=520  \\$aPersons infected with HIV are often frail, depressed and live a sedentary lifestyle for which conventional exercise is too taxing. Here, we present an exercise protocol that ameliorates aspects of frailty in HIV-infected persons. An exergame integrating cognitive control was developed using biosensors that measured balance, weight-shifting and obstacle crossing.
=521  \\$aFor undergraduate, graduate, and professional students
=546  \\$aEnglish
=650  \0$aMedicine
=856  40$uhttps://www.jove.com/video/54275
=945  \\$aThe Whole World

