=LDR  00909ngm a2200000i 4500
=001  JoVEBiology54732
=008  161201s2016\\\\xx\\\\\g\\\\\\s\\\\\eng\d
=035  \\$a(OCoLC)733445860
=040  \\$aVaAlASP$cVaAlASP
=100  1\$aBourdin,Benoîte
=245  12$aDetermination of the Relative Cell Surface and Total Expression of Recombinant Ion Channels Using Flow Cytometry$h[electronic resource]
=260  \\$aCambridge, MA$bMyJoVE Corp$c2016
=300  \\$aonline resource (692 seconds)
=490  0\$aBiology
=500  \\$aTitle from resource description page
=520  \\$aInherited cardiac arrhythmias are often caused by mutations that alter the surface delivery of one or more ion channels. Here, we adapt flow cytometry assays to provide a quantification of the relative total and cell surface protein expression of recombinant ion channels expressed in tsA-201 cells.
=521  \\$aFor undergraduate, graduate, and professional students
=546  \\$aEnglish
=650  \0$aBiology
=856  40$uhttps://www.jove.com/video/54732
=945  \\$aThe Whole World

