=LDR  01047ngm a2200000i 4500
=001  JoVEMedicine54294
=008  161201s2016\\\\xx\\\\\g\\\\\\s\\\\\eng\d
=035  \\$a(OCoLC)733445860
=040  \\$aVaAlASP$cVaAlASP
=100  1\$aKim,Dong-Eog
=245  12$aCombined Near-infrared Fluorescent Imaging and Micro-computed Tomography for Directly Visualizing Cerebral Thromboemboli$h[electronic resource]
=260  \\$aCambridge, MA$bMyJoVE Corp$c2016
=300  \\$aonline resource (790 seconds)
=490  0\$aMedicine
=500  \\$aTitle from resource description page
=520  \\$aThis protocol describes the application of combined near-infrared fluorescent (NIRF) imaging and micro-computed tomography (microCT) for visualizing cerebral thromboemboli. This technique allows the quantification of thrombus burden and evolution. The NIRF imaging technique visualizes fluorescently labeled thrombus in excised brain, while the microCT technique visualizes thrombus inside living animals using gold-nanoparticles.
=521  \\$aFor undergraduate, graduate, and professional students
=546  \\$aEnglish
=650  \0$aMedicine
=856  40$uhttps://www.jove.com/video/54294
=945  \\$aThe Whole World

