=LDR  00887ngm a2200000i 4500
=001  JoVEMedicine54433
=008  161201s2016\\\\xx\\\\\g\\\\\\s\\\\\eng\d
=035  \\$a(OCoLC)733445860
=040  \\$aVaAlASP$cVaAlASP
=100  1\$aAckerman,Jessica  E.
=245  12$aMurine Flexor Tendon Injury and Repair Surgery$h[electronic resource]
=260  \\$aCambridge, MA$bMyJoVE Corp$c2016
=300  \\$aonline resource (452 seconds)
=490  0\$aMedicine
=500  \\$aTitle from resource description page
=520  \\$aFlexor tendons in the hand are commonly injured, leading to impaired hand function. However, the scar-tissue healing response is not well characterized. A murine model of flexor tendon healing is demonstrated here. This model can enhance overall understanding of the healing process and assess therapeutic approaches to improve healing.
=521  \\$aFor undergraduate, graduate, and professional students
=546  \\$aEnglish
=650  \0$aMedicine
=856  40$uhttps://www.jove.com/video/54433
=945  \\$aThe Whole World

