=LDR  00849ngm a2200000i 4500
=001  JoVEMedicine53777
=008  161201s2016\\\\xx\\\\\g\\\\\\s\\\\\eng\d
=035  \\$a(OCoLC)733445860
=040  \\$aVaAlASP$cVaAlASP
=100  1\$aPetrasheskaya,Natalia
=245  12$aA Rat Carotid Balloon Injury Model to Test Anti-vascular Remodeling Therapeutics$h[electronic resource]
=260  \\$aCambridge, MA$bMyJoVE Corp$c2016
=300  \\$aonline resource (522 seconds)
=490  0\$aMedicine
=500  \\$aTitle from resource description page
=520  \\$aThe rat carotid balloon injury model described below allows researchers to evaluate drugs or therapeutics that negate injury-induced arterial hyperplasia. Detailed pre-surgical preparation, surgical procedure, and post-surgical cares of the animal are described. 
=521  \\$aFor undergraduate, graduate, and professional students
=546  \\$aEnglish
=650  \0$aMedicine
=856  40$uhttps://www.jove.com/video/53777
=945  \\$aThe Whole World

