=LDR  00952ngm a2200000i 4500
=001  JoVEBiology54586
=008  161201s2016\\\\xx\\\\\g\\\\\\s\\\\\eng\d
=035  \\$a(OCoLC)733445860
=040  \\$aVaAlASP$cVaAlASP
=100  1\$aHansen,Louise  L.
=245  12$aRapid Analysis of Circadian Phenotypes in Arabidopsis Protoplasts Transfected with a Luminescent Clock Reporter$h[electronic resource]
=260  \\$aCambridge, MA$bMyJoVE Corp$c2016
=300  \\$aonline resource (462 seconds)
=490  0\$aBiology
=500  \\$aTitle from resource description page
=520  \\$aThe circadian clock regulates about a third of the Arabidopsis transcriptome, but the percentage of genes that feed back into timekeeping remains unknown. Here we visualize a method to rapidly assess circadian phenotypes in any mutant line of Arabidopsis using luminescent imaging of a circadian reporter transiently expressed in protoplasts.
=521  \\$aFor undergraduate, graduate, and professional students
=546  \\$aEnglish
=650  \0$aBiology
=856  40$uhttps://www.jove.com/video/54586
=945  \\$aThe Whole World

