=LDR  00661ngm a2200000i 4500
=001  JoVEBiology54584
=008  161201s2016\\\\xx\\\\\g\\\\\\s\\\\\eng\d
=035  \\$a(OCoLC)733445860
=040  \\$aVaAlASP$cVaAlASP
=100  1\$aPaulissen,Scott  M.
=245  12$aEfficient Sporulation of Saccharomyces cerevisiae in a 96 Multiwell Format$h[electronic resource]
=260  \\$aCambridge, MA$bMyJoVE Corp$c2016
=300  \\$aonline resource (534 seconds)
=490  0\$aBiology
=500  \\$aTitle from resource description page
=520  \\$aHere, sporulation of Saccharomyces cerevisiae is carried out in a 96 multiwell format.
=521  \\$aFor undergraduate, graduate, and professional students
=546  \\$aEnglish
=650  \0$aBiology
=856  40$uhttps://www.jove.com/video/54584
=945  \\$aThe Whole World

