=LDR  00807ngm a2200000i 4500
=001  JoVEBiology54468
=008  161201s2016\\\\xx\\\\\g\\\\\\s\\\\\eng\d
=035  \\$a(OCoLC)733445860
=040  \\$aVaAlASP$cVaAlASP
=100  1\$aDyment,Nathaniel  A.
=245  12$aHigh-Throughput, Multi-Image Cryohistology of Mineralized Tissues$h[electronic resource]
=260  \\$aCambridge, MA$bMyJoVE Corp$c2016
=300  \\$aonline resource (618 seconds)
=490  0\$aBiology
=500  \\$aTitle from resource description page
=520  \\$aIn this manuscript, we present a high-throughput, semi-automated cryohistology platform to produce aligned composite images of multiple response measures from several rounds of fluorescent imaging on frozen sections of mineralized tissues. 
=521  \\$aFor undergraduate, graduate, and professional students
=546  \\$aEnglish
=650  \0$aBiology
=856  40$uhttps://www.jove.com/video/54468
=945  \\$aThe Whole World

