=LDR  00937ngm a2200000i 4500
=001  JoVEMedicine54619
=008  161201s2016\\\\xx\\\\\g\\\\\\s\\\\\eng\d
=035  \\$a(OCoLC)733445860
=040  \\$aVaAlASP$cVaAlASP
=100  1\$aWu,Hao
=245  12$aAn Acute Retinal Model for Evaluating Blood Retinal Barrier Breach and Potential Drugs for Treatment$h[electronic resource]
=260  \\$aCambridge, MA$bMyJoVE Corp$c2016
=300  \\$aonline resource (573 seconds)
=490  0\$aMedicine
=500  \\$aTitle from resource description page
=520  \\$aA low-cost, easy-to-use and powerful system is established to evaluate potential treatments that could ameliorate blood retinal barrier breach induced by histamine. Blood vessel leakage, Müller cell activation and the continuity of neuronal processes are utilized to assess the damage response and its reversal with a potential drug, lipoxin A4.
=521  \\$aFor undergraduate, graduate, and professional students
=546  \\$aEnglish
=650  \0$aMedicine
=856  40$uhttps://www.jove.com/video/54619
=945  \\$aThe Whole World

