=LDR  00998ngm a2200000i 4500
=001  JoVEMedicine54460
=008  161201s2016\\\\xx\\\\\g\\\\\\s\\\\\eng\d
=035  \\$a(OCoLC)733445860
=040  \\$aVaAlASP$cVaAlASP
=100  1\$aLenz,Philipp
=245  12$aMultimodal Quantitative Phase Imaging with Digital Holographic Microscopy Accurately Assesses Intestinal Inflammation and Epithelial Wound Healing$h[electronic resource]
=260  \\$aCambridge, MA$bMyJoVE Corp$c2016
=300  \\$aonline resource (458 seconds)
=490  0\$aMedicine
=500  \\$aTitle from resource description page
=520  \\$aAccurate assessment of anti-inflammatory effects is of utmost importance for the evaluation of potential new drugs for the treatment of inflammatory bowel disease. Digital holographic microscopy provides assessment of inflammation in murine and human colonic tissue samples as well as automated multimodal evaluation of epithelial wound healing in vitro. 
=521  \\$aFor undergraduate, graduate, and professional students
=546  \\$aEnglish
=650  \0$aMedicine
=856  40$uhttps://www.jove.com/video/54460
=945  \\$aThe Whole World

