=LDR  00950ngm a2200000i 4500
=001  JoVEMedicine53935
=008  161201s2016\\\\xx\\\\\g\\\\\\s\\\\\eng\d
=035  \\$a(OCoLC)733445860
=040  \\$aVaAlASP$cVaAlASP
=100  1\$aXie,Chichi
=245  12$aVisualization of Vascular and Parenchymal Regeneration after 70% Partial Hepatectomy in Normal Mice$h[electronic resource]
=260  \\$aCambridge, MA$bMyJoVE Corp$c2016
=300  \\$aonline resource (670 seconds)
=490  0\$aMedicine
=500  \\$aTitle from resource description page
=520  \\$aTools used for visualizing vascular regeneration require methods for contrasting the vascular trees. This film demonstrated a delicate injection technique used to achieve optimal contrasting of the vascular trees and illustrate the potential benefits resulting from a detailed analysis of the resulting specimen using µCT and histological serial sections.
=521  \\$aFor undergraduate, graduate, and professional students
=546  \\$aEnglish
=650  \0$aMedicine
=856  40$uhttps://www.jove.com/video/53935
=945  \\$aThe Whole World

