=LDR  00941ngm a2200000i 4500
=001  JoVEMedicine53927
=008  161201s2016\\\\xx\\\\\g\\\\\\s\\\\\eng\d
=035  \\$a(OCoLC)733445860
=040  \\$aVaAlASP$cVaAlASP
=100  1\$aAl-Nawaiseh,Sami
=245  12$aA Step by Step Protocol for Subretinal Surgery in Rabbits$h[electronic resource]
=260  \\$aCambridge, MA$bMyJoVE Corp$c2016
=300  \\$aonline resource (751 seconds)
=490  0\$aMedicine
=500  \\$aTitle from resource description page
=520  \\$aRetinal pigment epithelium (RPE) replacement strategies and gene-based therapy are considered for several retinal degenerative conditions. For clinical translation, large eye animal models are required to study surgical techniques applicable in patients. Here we present a rabbit model for subretinal surgery geared towards RPE transplantation, which is versatile and cost-efficient.
=521  \\$aFor undergraduate, graduate, and professional students
=546  \\$aEnglish
=650  \0$aMedicine
=856  40$uhttps://www.jove.com/video/53927
=945  \\$aThe Whole World

