=LDR  00731ngm a2200000i 4500
=001  JoVEBiology54365
=008  161201s2016\\\\xx\\\\\g\\\\\\s\\\\\eng\d
=035  \\$a(OCoLC)733445860
=040  \\$aVaAlASP$cVaAlASP
=100  1\$aWesterik,Nieke
=245  12$aNovel Production Protocol for Small-scale Manufacture of Probiotic Fermented Foods $h[electronic resource]
=260  \\$aCambridge, MA$bMyJoVE Corp$c2016
=300  \\$aonline resource (518 seconds)
=490  0\$aBiology
=500  \\$aTitle from resource description page
=520  \\$aA production protocol is described for the small-scale production of probiotic fermented dairy drink with the aid of a novel bacterial starter culture. 
=521  \\$aFor undergraduate, graduate, and professional students
=546  \\$aEnglish
=650  \0$aBiology
=856  40$uhttps://www.jove.com/video/54365
=945  \\$aThe Whole World

