=LDR  00760ngm a2200000i 4500
=001  JoVEMedicine54436
=008  161201s2016\\\\xx\\\\\g\\\\\\s\\\\\eng\d
=035  \\$a(OCoLC)733445860
=040  \\$aVaAlASP$cVaAlASP
=100  1\$aAdelsperger,Amelia  R.
=245  12$aUse of a Low-flow Digital Anesthesia System for Mice and Rats$h[electronic resource]
=260  \\$aCambridge, MA$bMyJoVE Corp$c2016
=300  \\$aonline resource (486 seconds)
=490  0\$aMedicine
=500  \\$aTitle from resource description page
=520  \\$aHere, we present a protocol to more safely and efficiently administer anesthetic gas to mice using a digital, low flow anesthesia system utilizing a syringe-driven direct injection vaporizer. 
=521  \\$aFor undergraduate, graduate, and professional students
=546  \\$aEnglish
=650  \0$aMedicine
=856  40$uhttps://www.jove.com/video/54436
=945  \\$aThe Whole World

