=LDR  00931ngm a2200000i 4500
=001  JoVEMedicine53610
=008  161201s2016\\\\xx\\\\\g\\\\\\s\\\\\eng\d
=035  \\$a(OCoLC)733445860
=040  \\$aVaAlASP$cVaAlASP
=100  1\$aRuss,Martin
=245  12$aLavage-induced Surfactant Depletion in Pigs As a Model of the Acute Respiratory Distress Syndrome (ARDS)$h[electronic resource]
=260  \\$aCambridge, MA$bMyJoVE Corp$c2016
=300  \\$aonline resource (440 seconds)
=490  0\$aMedicine
=500  \\$aTitle from resource description page
=520  \\$aRepeated pulmonary lavages in anesthetized pigs induce lung injury resembling major aspects of human acute respiratory distress syndrome (ARDS). For this purpose the lungs are repeatedly lavaged with 0.9% saline at 37 °C. The goal of the protocol is a reproducible mitigation of gas exchange and hemodynamics for research in ARDS.
=521  \\$aFor undergraduate, graduate, and professional students
=546  \\$aEnglish
=650  \0$aMedicine
=856  40$uhttps://www.jove.com/video/53610
=945  \\$aThe Whole World

