=LDR  00777ngm a2200000i 4500
=001  JoVEMedicine54479
=008  161201s2016\\\\xx\\\\\g\\\\\\s\\\\\eng\d
=035  \\$a(OCoLC)733445860
=040  \\$aVaAlASP$cVaAlASP
=100  1\$aLi,Wei
=245  12$aFerric Chloride-induced Murine Thrombosis Models$h[electronic resource]
=260  \\$aCambridge, MA$bMyJoVE Corp$c2016
=300  \\$aonline resource (637 seconds)
=490  0\$aMedicine
=500  \\$aTitle from resource description page
=520  \\$aWe report a refined procedure of the ferric chloride (FeCl3)-induced thrombosis models on carotid and mesenteric artery as well as vein, characterized efficiently using intravital microscopy to monitor time to occlusive thrombi formation.
=521  \\$aFor undergraduate, graduate, and professional students
=546  \\$aEnglish
=650  \0$aMedicine
=856  40$uhttps://www.jove.com/video/54479
=945  \\$aThe Whole World

