=LDR  00898ngm a2200000i 4500
=001  JoVEBiology54437
=008  161201s2016\\\\xx\\\\\g\\\\\\s\\\\\eng\d
=035  \\$a(OCoLC)733445860
=040  \\$aVaAlASP$cVaAlASP
=100  1\$aMoran,Josephine  C.
=245  12$aDeferred Growth Inhibition Assay to Quantify the Effect of Bacteria-derived Antimicrobials on Competition$h[electronic resource]
=260  \\$aCambridge, MA$bMyJoVE Corp$c2016
=300  \\$aonline resource (462 seconds)
=490  0\$aBiology
=500  \\$aTitle from resource description page
=520  \\$aThe deferred growth inhibition assay can be used to assess the competition effect by one bacterial isolate on another. Inhibition is quantified by measuring the zone of clearing around the inhibitor-producing isolate, or qualitatively assessed by determining the visible extent of inhibition.
=521  \\$aFor undergraduate, graduate, and professional students
=546  \\$aEnglish
=650  \0$aBiology
=856  40$uhttps://www.jove.com/video/54437
=945  \\$aThe Whole World

