=LDR  00840ngm a2200000i 4500
=001  JoVEBiology54425
=008  161201s2016\\\\xx\\\\\g\\\\\\s\\\\\eng\d
=035  \\$a(OCoLC)733445860
=040  \\$aVaAlASP$cVaAlASP
=100  1\$aKalinec,Gilda  M.
=245  12$aWorking with Auditory HEI-OC1 Cells$h[electronic resource]
=260  \\$aCambridge, MA$bMyJoVE Corp$c2016
=300  \\$aonline resource (536 seconds)
=490  0\$aBiology
=500  \\$aTitle from resource description page
=520  \\$aHouse Ear Institute-Organ of Corti 1 (HEI-OC1) is one of the few mouse auditory cell lines currently available for research purposes. This protocol describes how to work with HEI-OC1 cells to investigate the cytotoxic effects of pharmacological drugs as well as functional properties of inner ear proteins.
=521  \\$aFor undergraduate, graduate, and professional students
=546  \\$aEnglish
=650  \0$aBiology
=856  40$uhttps://www.jove.com/video/54425
=945  \\$aThe Whole World

