=LDR  00938ngm a2200000i 4500
=001  JoVEBiology54350
=008  161201s2016\\\\xx\\\\\g\\\\\\s\\\\\eng\d
=035  \\$a(OCoLC)733445860
=040  \\$aVaAlASP$cVaAlASP
=100  1\$aMorten,Brianna C.
=245  12$aComparison of Three Different Methods for Determining Cell Proliferation in Breast Cancer Cell Lines$h[electronic resource]
=260  \\$aCambridge, MA$bMyJoVE Corp$c2016
=300  \\$aonline resource (755 seconds)
=490  0\$aBiology
=500  \\$aTitle from resource description page
=520  \\$aThis protocol describes the use of three different methods for analyzing cell proliferation in breast cancer cell lines. This includes the use of conventional cell counting, luminescence-based cell viability, and cell counting through the use of a cell imager. Each offers advantages for the reproducible measurement of cell proliferation.
=521  \\$aFor undergraduate, graduate, and professional students
=546  \\$aEnglish
=650  \0$aBiology
=856  40$uhttps://www.jove.com/video/54350
=945  \\$aThe Whole World

