=LDR  00868ngm a2200000i 4500
=001  JoVEMedicine54418
=008  161201s2016\\\\xx\\\\\g\\\\\\s\\\\\eng\d
=035  \\$a(OCoLC)733445860
=040  \\$aVaAlASP$cVaAlASP
=100  1\$aFranchi,Federico
=245  12$aIntravascular Delivery of Biologics to the Rat Kidney$h[electronic resource]
=260  \\$aCambridge, MA$bMyJoVE Corp$c2016
=300  \\$aonline resource (449 seconds)
=490  0\$aMedicine
=500  \\$aTitle from resource description page
=520  \\$aThe administration of drugs for recovery of kidney function requires control of the localization and distribution of the therapeutic compound. Here, we describe in detail a simple technique for intrarenal delivery of drugs in rats. This procedure may be easily performed with no mortality and high reproducibility.
=521  \\$aFor undergraduate, graduate, and professional students
=546  \\$aEnglish
=650  \0$aMedicine
=856  40$uhttps://www.jove.com/video/54418
=945  \\$aThe Whole World

