=LDR  00928ngm a2200000i 4500
=001  JoVEMedicine54170
=008  161201s2016\\\\xx\\\\\g\\\\\\s\\\\\eng\d
=035  \\$a(OCoLC)733445860
=040  \\$aVaAlASP$cVaAlASP
=100  1\$aZeynalov,Emil
=245  12$aContinuous IV Infusion is the Choice Treatment Route for Arginine-vasopressin Receptor Blocker Conivaptan in Mice to Study Stroke-evoked Brain Edema$h[electronic resource]
=260  \\$aCambridge, MA$bMyJoVE Corp$c2016
=300  \\$aonline resource (524 seconds)
=490  0\$aMedicine
=500  \\$aTitle from resource description page
=520  \\$aOur studies have revealed that the beneficial effects of conivaptan are dependent on the method of delivery after experimental stroke in mice. We have developed a research protocol for delivery of the receptor blocker via IV catheter on stroke-evoked brain edema formation in mice. 
=521  \\$aFor undergraduate, graduate, and professional students
=546  \\$aEnglish
=650  \0$aMedicine
=856  40$uhttps://www.jove.com/video/54170
=945  \\$aThe Whole World

