=LDR  00774ngm a2200000i 4500
=001  JoVEMedicine54167
=008  161201s2016\\\\xx\\\\\g\\\\\\s\\\\\eng\d
=035  \\$a(OCoLC)733445860
=040  \\$aVaAlASP$cVaAlASP
=100  1\$aZhang,Ran-Ran
=245  12$aGeneration of a Humanized Mouse Liver Using Human Hepatic Stem Cells$h[electronic resource]
=260  \\$aCambridge, MA$bMyJoVE Corp$c2016
=300  \\$aonline resource (704 seconds)
=490  0\$aMedicine
=500  \\$aTitle from resource description page
=520  \\$aHere, we present a novel humanized mouse liver model generated in Alb-toxin receptor mediated cell knockout (TRECK)/SCID mice following the transplantation of immature and expandable human hepatic stem cells.
=521  \\$aFor undergraduate, graduate, and professional students
=546  \\$aEnglish
=650  \0$aMedicine
=856  40$uhttps://www.jove.com/video/54167
=945  \\$aThe Whole World

