=LDR  00933ngm a2200000i 4500
=001  JoVEMedicine54049
=008  161201s2016\\\\xx\\\\\g\\\\\\s\\\\\eng\d
=035  \\$a(OCoLC)733445860
=040  \\$aVaAlASP$cVaAlASP
=100  1\$aWay,Gregory  P.
=245  12$aBoldness, Aggression, and Shoaling Assays for Zebrafish Behavioral Syndromes$h[electronic resource]
=260  \\$aCambridge, MA$bMyJoVE Corp$c2016
=300  \\$aonline resource (523 seconds)
=490  0\$aMedicine
=500  \\$aTitle from resource description page
=520  \\$aThis manuscript describes the setup, implementation, and analysis of boldness, aggression, and shoaling in zebrafish and testing for the presence of a behavioral syndrome. A standardized approach for behavioral quantification will allow for easier comparison across studies. Modifications to this protocol are possible as each assay can be run individually.
=521  \\$aFor undergraduate, graduate, and professional students
=546  \\$aEnglish
=650  \0$aMedicine
=856  40$uhttps://www.jove.com/video/54049
=945  \\$aThe Whole World

