=LDR  00788ngm a2200000i 4500
=001  JoVEBiology54266
=008  161201s2016\\\\xx\\\\\g\\\\\\s\\\\\eng\d
=035  \\$a(OCoLC)733445860
=040  \\$aVaAlASP$cVaAlASP
=100  1\$aGuo,Lili
=245  12$aAssays for the Degradation of Misfolded Proteins in Cells$h[electronic resource]
=260  \\$aCambridge, MA$bMyJoVE Corp$c2016
=300  \\$aonline resource (656 seconds)
=490  0\$aBiology
=500  \\$aTitle from resource description page
=520  \\$aThis report describes protocols for measuring degradation rates of misfolded proteins by either western blot or fluorescence-based assays. The methods can be applied to analysis of other misfolded proteins and for high throughput screening. 
=521  \\$aFor undergraduate, graduate, and professional students
=546  \\$aEnglish
=650  \0$aBiology
=856  40$uhttps://www.jove.com/video/54266
=945  \\$aThe Whole World

