=LDR  00728ngm a2200000i 4500
=001  JoVEBiology54012
=008  161201s2016\\\\xx\\\\\g\\\\\\s\\\\\eng\d
=035  \\$a(OCoLC)733445860
=040  \\$aVaAlASP$cVaAlASP
=100  1\$aJudd,Justin
=245  12$aIsolation, Culture and Transduction of Adult Mouse Cardiomyocytes$h[electronic resource]
=260  \\$aCambridge, MA$bMyJoVE Corp$c2016
=300  \\$aonline resource (522 seconds)
=490  0\$aBiology
=500  \\$aTitle from resource description page
=520  \\$aThis protocol describes a step-by-step method for the reproducible isolation and long-term culture of adult mouse cardiomyocytes with high yield, purity, and viability.  
=521  \\$aFor undergraduate, graduate, and professional students
=546  \\$aEnglish
=650  \0$aBiology
=856  40$uhttps://www.jove.com/video/54012
=945  \\$aThe Whole World

