=LDR  00838ngm a2200000i 4500
=001  JoVEMedicine54450
=008  161201s2016\\\\xx\\\\\g\\\\\\s\\\\\eng\d
=035  \\$a(OCoLC)733445860
=040  \\$aVaAlASP$cVaAlASP
=100  1\$aMarshall,Clement  D.
=245  12$aCreation of Abdominal Adhesions in Mice$h[electronic resource]
=260  \\$aCambridge, MA$bMyJoVE Corp$c2016
=300  \\$aonline resource (404 seconds)
=490  0\$aMedicine
=500  \\$aTitle from resource description page
=520  \\$aAbdominal adhesions that form after surgery are a major cause of pain, infertility, and hospitalization and reoperation for small bowel obstruction. Our surgical procedure for creating abdominal adhesions in mice is a reliable tool to study the mechanisms underlying the formation of adhesions.
=521  \\$aFor undergraduate, graduate, and professional students
=546  \\$aEnglish
=650  \0$aMedicine
=856  40$uhttps://www.jove.com/video/54450
=945  \\$aThe Whole World

