=LDR  00741ngm a2200000i 4500
=001  JoVEBiology54305
=008  161201s2016\\\\xx\\\\\g\\\\\\s\\\\\eng\d
=035  \\$a(OCoLC)733445860
=040  \\$aVaAlASP$cVaAlASP
=100  1\$aRule,Chelsea S.
=245  12$aMeasuring In Vitro ATPase Activity for Enzymatic Characterization$h[electronic resource]
=260  \\$aCambridge, MA$bMyJoVE Corp$c2016
=300  \\$aonline resource (458 seconds)
=490  0\$aBiology
=500  \\$aTitle from resource description page
=520  \\$aWe describe a basic protocol for quantitating in vitro ATPase activity. This protocol can be optimized based on the level of activity and requirements for a given purified ATPase.
=521  \\$aFor undergraduate, graduate, and professional students
=546  \\$aEnglish
=650  \0$aBiology
=856  40$uhttps://www.jove.com/video/54305
=945  \\$aThe Whole World

