=LDR  00941ngm a2200000i 4500
=001  JoVEBiology54434
=008  161201s2016\\\\xx\\\\\g\\\\\\s\\\\\eng\d
=035  \\$a(OCoLC)733445860
=040  \\$aVaAlASP$cVaAlASP
=100  1\$aMettrick,Karla  A.
=245  12$aInducing a Site Specific Replication Blockage in E. coli Using a Fluorescent Repressor Operator System$h[electronic resource]
=260  \\$aCambridge, MA$bMyJoVE Corp$c2016
=300  \\$aonline resource (679 seconds)
=490  0\$aBiology
=500  \\$aTitle from resource description page
=520  \\$aWe describe here a system utilizing a site-specific, reversible in vivo protein block to stall and collapse replication forks in Escherichia coli. The establishment of the replication block is evaluated by fluorescence microscopy and neutral-neutral 2-dimensional agarose gel electrophoresis is used to visualize replication intermediates.
=521  \\$aFor undergraduate, graduate, and professional students
=546  \\$aEnglish
=650  \0$aBiology
=856  40$uhttps://www.jove.com/video/54434
=945  \\$aThe Whole World

