=LDR  00733ngm a2200000i 4500
=001  JoVEBiology54299
=008  161201s2016\\\\xx\\\\\g\\\\\\s\\\\\eng\d
=035  \\$a(OCoLC)733445860
=040  \\$aVaAlASP$cVaAlASP
=100  1\$aPatel,Palak  G.
=245  12$aPreparation of Formalin-fixed Paraffin-embedded Tissue Cores for both RNA and DNA Extraction$h[electronic resource]
=260  \\$aCambridge, MA$bMyJoVE Corp$c2016
=300  \\$aonline resource (510 seconds)
=490  0\$aBiology
=500  \\$aTitle from resource description page
=520  \\$aThis modified extraction protocol improves RNA and DNA yields from more precisely targeted regions of interest in histopathologic tissue blocks.
=521  \\$aFor undergraduate, graduate, and professional students
=546  \\$aEnglish
=650  \0$aBiology
=856  40$uhttps://www.jove.com/video/54299
=945  \\$aThe Whole World

