=LDR  00801ngm a2200000i 4500
=001  JoVEMedicine54322
=008  161201s2016\\\\xx\\\\\g\\\\\\s\\\\\eng\d
=035  \\$a(OCoLC)733445860
=040  \\$aVaAlASP$cVaAlASP
=100  1\$aCôté,Marie-France
=245  12$aThree-Dimensional Culture Assay to Explore Cancer Cell Invasiveness and Satellite Tumor Formation$h[electronic resource]
=260  \\$aCambridge, MA$bMyJoVE Corp$c2016
=300  \\$aonline resource (563 seconds)
=490  0\$aMedicine
=500  \\$aTitle from resource description page
=520  \\$aCancer cells are embedded in a collagen gel and then sandwiched in an acellular fibrin gel to generate a 3D culture system in which the invasiveness and formation of satellite tumors may be monitored.
=521  \\$aFor undergraduate, graduate, and professional students
=546  \\$aEnglish
=650  \0$aMedicine
=856  40$uhttps://www.jove.com/video/54322
=945  \\$aThe Whole World

