=LDR  00936ngm a2200000i 4500
=001  JoVEMedicine54295
=008  161201s2016\\\\xx\\\\\g\\\\\\s\\\\\eng\d
=035  \\$a(OCoLC)733445860
=040  \\$aVaAlASP$cVaAlASP
=100  1\$aOng,Peter
=245  12$aIntracoronary Acetylcholine Provocation Testing for Assessment of Coronary Vasomotor Disorders$h[electronic resource]
=260  \\$aCambridge, MA$bMyJoVE Corp$c2016
=300  \\$aonline resource (399 seconds)
=490  0\$aMedicine
=500  \\$aTitle from resource description page
=520  \\$aIntracoronary acetylcholine testing has been established for the assessment of epicardial coronary spasm more than 30 years ago. Recently, the focus has shifted towards the microcirculation and it has been shown that microvascular spasm can be detected using ACH-testing. This article describes the ACH-test and its implementation in daily routine.
=521  \\$aFor undergraduate, graduate, and professional students
=546  \\$aEnglish
=650  \0$aMedicine
=856  40$uhttps://www.jove.com/video/54295
=945  \\$aThe Whole World

