=LDR  01006ngm a2200000i 4500
=001  JoVEMedicine54226
=008  161201s2016\\\\xx\\\\\g\\\\\\s\\\\\eng\d
=035  \\$a(OCoLC)733445860
=040  \\$aVaAlASP$cVaAlASP
=100  1\$aStapleton,Shawn
=245  12$aSpatial Measurements of Perfusion, Interstitial Fluid Pressure and Liposomes Accumulation in Solid Tumors$h[electronic resource]
=260  \\$aCambridge, MA$bMyJoVE Corp$c2016
=300  \\$aonline resource (540 seconds)
=490  0\$aMedicine
=500  \\$aTitle from resource description page
=520  \\$aThe heterogeneous intra-tumoral accumulation of liposomes has been linked to an abnormal tumor microenvironment. Herein methods are presented to measure tumor microcirculation by perfusion imaging and elevated interstitial fluid pressure (IFP) using an image-guided robotic system. Measurements are compared to the intra-tumoral accumulation of liposomes, determined using volumetric micro-CT imaging.
=521  \\$aFor undergraduate, graduate, and professional students
=546  \\$aEnglish
=650  \0$aMedicine
=856  40$uhttps://www.jove.com/video/54226
=945  \\$aThe Whole World

