=LDR  00791ngm a2200000i 4500
=001  JoVEBiology54416
=008  161201s2016\\\\xx\\\\\g\\\\\\s\\\\\eng\d
=035  \\$a(OCoLC)733445860
=040  \\$aVaAlASP$cVaAlASP
=100  1\$aAbakir,Abdulkadir
=245  12$aDetection of Modified Forms of Cytosine Using Sensitive Immunohistochemistry$h[electronic resource]
=260  \\$aCambridge, MA$bMyJoVE Corp$c2016
=300  \\$aonline resource (433 seconds)
=490  0\$aBiology
=500  \\$aTitle from resource description page
=520  \\$aHerein we describe a sensitive immunochemical method for mapping the spatial distribution of 5mC oxidation derivatives based on the use of peroxidase-conjugated secondary antibodies and tyramide signal amplification.
=521  \\$aFor undergraduate, graduate, and professional students
=546  \\$aEnglish
=650  \0$aBiology
=856  40$uhttps://www.jove.com/video/54416
=945  \\$aThe Whole World

