=LDR  00934ngm a2200000i 4500
=001  JoVEBiology54149
=008  161201s2016\\\\xx\\\\\g\\\\\\s\\\\\eng\d
=035  \\$a(OCoLC)733445860
=040  \\$aVaAlASP$cVaAlASP
=100  1\$aDeWitt,Elizabeth  S.
=245  12$aRodent Working Heart Model for the Study of Myocardial Performance and Oxygen Consumption$h[electronic resource]
=260  \\$aCambridge, MA$bMyJoVE Corp$c2016
=300  \\$aonline resource (763 seconds)
=490  0\$aBiology
=500  \\$aTitle from resource description page
=520  \\$aIsolated working heart models can be used to measure the effect of loading conditions, heart rate, and medications on myocardial performance and oxygen consumption. We describe methods for preparation of a rodent left heart working model that permits study of systolic and diastolic performance and oxygen consumption under various conditions.
=521  \\$aFor undergraduate, graduate, and professional students
=546  \\$aEnglish
=650  \0$aBiology
=856  40$uhttps://www.jove.com/video/54149
=945  \\$aThe Whole World

