=LDR  00976ngm a2200000i 4500
=001  JoVEBiology53373
=008  161201s2016\\\\xx\\\\\g\\\\\\s\\\\\eng\d
=035  \\$a(OCoLC)733445860
=040  \\$aVaAlASP$cVaAlASP
=100  1\$aUrban,Michael
=245  12$aMembrane Transport Processes Analyzed by a Highly Parallel Nanopore Chip System at Single Protein Resolution$h[electronic resource]
=260  \\$aCambridge, MA$bMyJoVE Corp$c2016
=300  \\$aonline resource (715 seconds)
=490  0\$aBiology
=500  \\$aTitle from resource description page
=520  \\$aThe presented protocol describes the analysis of membrane protein mediated transport on the single transporter level using pore-spanning solvent-free lipid bilayers. This is achieved by the creation of bulk produced nanopore array chips, combined with highly parallel data acquisition and analysis, enabling the future establishment of membrane protein effector screenings.
=521  \\$aFor undergraduate, graduate, and professional students
=546  \\$aEnglish
=650  \0$aBiology
=856  40$uhttps://www.jove.com/video/53373
=945  \\$aThe Whole World

