=LDR  00898ngm a2200000i 4500
=001  JoVEMedicine54215
=008  161201s2016\\\\xx\\\\\g\\\\\\s\\\\\eng\d
=035  \\$a(OCoLC)733445860
=040  \\$aVaAlASP$cVaAlASP
=100  1\$aSajadi,Ahmadali
=245  12$aNeurodegeneration in an Animal Model of Chronic Amyloid-beta Oligomer Infusion Is Counteracted by Antibody Treatment Infused with Osmotic Pumps$h[electronic resource]
=260  \\$aCambridge, MA$bMyJoVE Corp$c2016
=300  \\$aonline resource (619 seconds)
=490  0\$aMedicine
=500  \\$aTitle from resource description page
=520  \\$aTo study the effects of Aβo in vivo, we developed a model based on repeated hippocampal infusions of soluble Aβo coupled with continuous infusion of Aβo antibody (6E10) in the hippocampus using osmotic pumps to counteract the neurotoxic effect of Aβo.
=521  \\$aFor undergraduate, graduate, and professional students
=546  \\$aEnglish
=650  \0$aMedicine
=856  40$uhttps://www.jove.com/video/54215
=945  \\$aThe Whole World

