=LDR  00820ngm a2200000i 4500
=001  JoVEMedicine54040
=008  161201s2016\\\\xx\\\\\g\\\\\\s\\\\\eng\d
=035  \\$a(OCoLC)733445860
=040  \\$aVaAlASP$cVaAlASP
=100  1\$aPaschall,Amy  V.
=245  12$aAn Orthotopic Mouse Model of Spontaneous Breast Cancer Metastasis$h[electronic resource]
=260  \\$aCambridge, MA$bMyJoVE Corp$c2016
=300  \\$aonline resource (491 seconds)
=490  0\$aMedicine
=500  \\$aTitle from resource description page
=520  \\$aAn orthotopic breast cancer primary tumor model and surgical removal of primary tumor to extend mouse life to generate spontaneous metastasis are described. The tumor growth and progression are monitored and quantified by luciferase fluorescence imaging.
=521  \\$aFor undergraduate, graduate, and professional students
=546  \\$aEnglish
=650  \0$aMedicine
=856  40$uhttps://www.jove.com/video/54040
=945  \\$aThe Whole World

