=LDR  00901ngm a2200000i 4500
=001  JoVEBiology54278
=008  161201s2016\\\\xx\\\\\g\\\\\\s\\\\\eng\d
=035  \\$a(OCoLC)733445860
=040  \\$aVaAlASP$cVaAlASP
=100  1\$aVleugel,Mathijs
=245  12$aReconstitution of Basic Mitotic Spindles in Spherical Emulsion Droplets$h[electronic resource]
=260  \\$aCambridge, MA$bMyJoVE Corp$c2016
=300  \\$aonline resource (652 seconds)
=490  0\$aBiology
=500  \\$aTitle from resource description page
=520  \\$aThe assembly and positioning of the mitotic spindle depend on the combined forces generated by microtubule dynamics, motor proteins and cross-linkers. Here we present our recently developed methods in which the geometrical confinement of spherical emulsion droplets is used for the bottom-up reconstitution of basic mitotic spindles.
=521  \\$aFor undergraduate, graduate, and professional students
=546  \\$aEnglish
=650  \0$aBiology
=856  40$uhttps://www.jove.com/video/54278
=945  \\$aThe Whole World

