=LDR  00872ngm a2200000i 4500
=001  JoVEBiology54265
=008  161201s2016\\\\xx\\\\\g\\\\\\s\\\\\eng\d
=035  \\$a(OCoLC)733445860
=040  \\$aVaAlASP$cVaAlASP
=100  1\$aBraun,Alexander
=245  12$aHigh-resolution Time-lapse Imaging and Automated Analysis of Microtubule Dynamics in Living Human Umbilical Vein Endothelial Cells$h[electronic resource]
=260  \\$aCambridge, MA$bMyJoVE Corp$c2016
=300  \\$aonline resource (625 seconds)
=490  0\$aBiology
=500  \\$aTitle from resource description page
=520  \\$aProtocols for Human Umbilical Vein Endothelial Cell (HUVEC) culture, transient transfection of fluorescently-labeled markers of microtubule growth, live-cell imaging and automated analysis of interphase microtubule growth dynamics are detailed. 
=521  \\$aFor undergraduate, graduate, and professional students
=546  \\$aEnglish
=650  \0$aBiology
=856  40$uhttps://www.jove.com/video/54265
=945  \\$aThe Whole World

