=LDR  00850ngm a2200000i 4500
=001  JoVEMedicine54261
=008  161201s2016\\\\xx\\\\\g\\\\\\s\\\\\eng\d
=035  \\$a(OCoLC)733445860
=040  \\$aVaAlASP$cVaAlASP
=100  1\$aMuntz,Alex
=245  12$aImpression Cytology of the Lid Wiper Area$h[electronic resource]
=260  \\$aCambridge, MA$bMyJoVE Corp$c2016
=300  \\$aonline resource (421 seconds)
=490  0\$aMedicine
=500  \\$aTitle from resource description page
=520  \\$aWe collected, stained and imaged cells from the conjunctiva of the inner eyelid margin of human subjects. By characterizing cell morphology and metabolic activity, this method may further our understanding of dry eye and the role that friction between the ocular surfaces may play in perceiving ocular discomfort. 
=521  \\$aFor undergraduate, graduate, and professional students
=546  \\$aEnglish
=650  \0$aMedicine
=856  40$uhttps://www.jove.com/video/54261
=945  \\$aThe Whole World

