=LDR  00923ngm a2200000i 4500
=001  JoVEMedicine53170
=008  161201s2016\\\\xx\\\\\g\\\\\\s\\\\\eng\d
=035  \\$a(OCoLC)733445860
=040  \\$aVaAlASP$cVaAlASP
=100  1\$aHur,Hoon
=245  12$aIntraoperative Gastroscopy for Tumor Localization in Laparoscopic Surgery for Gastric Adenocarcinoma$h[electronic resource]
=260  \\$aCambridge, MA$bMyJoVE Corp$c2016
=300  \\$aonline resource (631 seconds)
=490  0\$aMedicine
=500  \\$aTitle from resource description page
=520  \\$aIn early gastric cancer, the aim of surgery is to precisely remove the distal stomach including the primary tumor. To do this, accurate localization of the tumor is crucial, especially in totally laparoscopic surgery. This protocol describes a procedure for intraoperative gastroscopy in totally laparoscopic subtotal gastrectomy.
=521  \\$aFor undergraduate, graduate, and professional students
=546  \\$aEnglish
=650  \0$aMedicine
=856  40$uhttps://www.jove.com/video/53170
=945  \\$aThe Whole World

