=LDR  00856ngm a2200000i 4500
=001  JoVEBiology54343
=008  161201s2016\\\\xx\\\\\g\\\\\\s\\\\\eng\d
=035  \\$a(OCoLC)733445860
=040  \\$aVaAlASP$cVaAlASP
=100  1\$aBuyel,Johannes  F.
=245  12$aComparison of Tobacco Host Cell Protein Removal Methods by Blanching Intact Plants or by Heat Treatment of Extracts$h[electronic resource]
=260  \\$aCambridge, MA$bMyJoVE Corp$c2016
=300  \\$aonline resource (666 seconds)
=490  0\$aBiology
=500  \\$aTitle from resource description page
=520  \\$aThree heat precipitation methods are presented that effectively remove more than 90% of host cell proteins (HCPs) from tobacco extracts prior to any other purification step. The plant HCPs irreversibly aggregate at temperatures above 60 °C.
=521  \\$aFor undergraduate, graduate, and professional students
=546  \\$aEnglish
=650  \0$aBiology
=856  40$uhttps://www.jove.com/video/54343
=945  \\$aThe Whole World

