=LDR  00935ngm a2200000i 4500
=001  JoVEBiology54173
=008  161201s2016\\\\xx\\\\\g\\\\\\s\\\\\eng\d
=035  \\$a(OCoLC)733445860
=040  \\$aVaAlASP$cVaAlASP
=100  1\$aEdens,Lisa J.
=245  12$aA Cell-Free Assay Using Xenopus laevis Embryo Extracts to Study Mechanisms of Nuclear Size Regulation$h[electronic resource]
=260  \\$aCambridge, MA$bMyJoVE Corp$c2016
=300  \\$aonline resource (867 seconds)
=490  0\$aBiology
=500  \\$aTitle from resource description page
=520  \\$aMechanisms of cellular and intra-cellular scaling remain elusive. The use of Xenopus embryo extracts has become increasingly common to elucidate mechanisms of organelle size regulation. This method describes embryo extract preparation and a novel nuclear scaling assay through which mechanisms of nuclear size regulation can be identified.
=521  \\$aFor undergraduate, graduate, and professional students
=546  \\$aEnglish
=650  \0$aBiology
=856  40$uhttps://www.jove.com/video/54173
=945  \\$aThe Whole World

