=LDR  00966ngm a2200000i 4500
=001  JoVEBiology54059
=008  161201s2016\\\\xx\\\\\g\\\\\\s\\\\\eng\d
=035  \\$a(OCoLC)733445860
=040  \\$aVaAlASP$cVaAlASP
=100  1\$aKim,Haseong
=245  12$aMulti-enzyme Screening Using a High-throughput Genetic Enzyme Screening System$h[electronic resource]
=260  \\$aCambridge, MA$bMyJoVE Corp$c2016
=300  \\$aonline resource (490 seconds)
=490  0\$aBiology
=500  \\$aTitle from resource description page
=520  \\$aThis work presents a method of high-throughput screening using a universal genetic enzyme screening system that can be theoretically applied to over 200 enzymes. Here, the single screening system identifies three different enzymes (lipase, cellulase, and alkaline phosphatase) by simply changing the substrate used (p-nitrophenyl acetate, p-nitrophenyl-β-D-cellobioside, and phenyl phosphate). 
=521  \\$aFor undergraduate, graduate, and professional students
=546  \\$aEnglish
=650  \0$aBiology
=856  40$uhttps://www.jove.com/video/54059
=945  \\$aThe Whole World

