=LDR  00830ngm a2200000i 4500
=001  JoVEBiology54289
=008  161201s2016\\\\xx\\\\\g\\\\\\s\\\\\eng\d
=035  \\$a(OCoLC)733445860
=040  \\$aVaAlASP$cVaAlASP
=100  1\$aMcFall,Sally M.
=245  12$aFiltration Isolation of Nucleic Acids:  A Simple and Rapid DNA Extraction Method$h[electronic resource]
=260  \\$aCambridge, MA$bMyJoVE Corp$c2016
=300  \\$aonline resource (476 seconds)
=490  0\$aBiology
=500  \\$aTitle from resource description page
=520  \\$aWe describe here a simple and rapid paper-based DNA extraction method of HIV proviral DNA from whole blood detected by quantitative PCR. This protocol can be extended for use in detecting other genetic markers or using alternative amplification methods.
=521  \\$aFor undergraduate, graduate, and professional students
=546  \\$aEnglish
=650  \0$aBiology
=856  40$uhttps://www.jove.com/video/54289
=945  \\$aThe Whole World

