=LDR  00944ngm a2200000i 4500
=001  JoVEBiology54401
=008  161201s2016\\\\xx\\\\\g\\\\\\s\\\\\eng\d
=035  \\$a(OCoLC)733445860
=040  \\$aVaAlASP$cVaAlASP
=100  1\$aLiang,Huazheng
=245  12$aCUBIC Protocol Visualizes Protein Expression at Single Cell Resolution in Whole Mount Skin Preparations$h[electronic resource]
=260  \\$aCambridge, MA$bMyJoVE Corp$c2016
=300  \\$aonline resource (489 seconds)
=490  0\$aBiology
=500  \\$aTitle from resource description page
=520  \\$aThis report describes a CUBIC protocol to clarify full thickness mouse skin biopsies, and visualize protein expression patterns, proliferating cells, and sebocytes at the single cell resolution in 3D. This method enables accurate assessment of skin anatomy and pathology, and of abnormal epidermal phenotypes in genetically modified mouse lines.
=521  \\$aFor undergraduate, graduate, and professional students
=546  \\$aEnglish
=650  \0$aBiology
=856  40$uhttps://www.jove.com/video/54401
=945  \\$aThe Whole World

