=LDR  00983ngm a2200000i 4500
=001  JoVEBiology54224
=008  161201s2016\\\\xx\\\\\g\\\\\\s\\\\\eng\d
=035  \\$a(OCoLC)733445860
=040  \\$aVaAlASP$cVaAlASP
=100  1\$aSeo,Beomseok
=245  12$aObservation and Quantification of Telomere and Repetitive Sequences Using Fluorescence In Situ Hybridization (FISH) with PNA Probes in Caenorhabditis elegans$h[electronic resource]
=260  \\$aCambridge, MA$bMyJoVE Corp$c2016
=300  \\$aonline resource (601 seconds)
=490  0\$aBiology
=500  \\$aTitle from resource description page
=520  \\$aWe report a concise procedure of fluorescence in situ hybridization (FISH) in the gonad and embryos of Caenorhabditis elegans for observing and quantifying repetitive sequences. We successfully observed and quantified two different repetitive sequences, telomere repeats and template of alternative lengthening of telomeres (TALT). 
=521  \\$aFor undergraduate, graduate, and professional students
=546  \\$aEnglish
=650  \0$aBiology
=856  40$uhttps://www.jove.com/video/54224
=945  \\$aThe Whole World

