=LDR  00914ngm a2200000i 4500
=001  JoVEBiology54135
=008  161201s2016\\\\xx\\\\\g\\\\\\s\\\\\eng\d
=035  \\$a(OCoLC)733445860
=040  \\$aVaAlASP$cVaAlASP
=100  1\$aDonius,Amalie  E.
=245  12$aFRET Imaging in Three-dimensional Hydrogels$h[electronic resource]
=260  \\$aCambridge, MA$bMyJoVE Corp$c2016
=300  \\$aonline resource (587 seconds)
=490  0\$aBiology
=500  \\$aTitle from resource description page
=520  \\$aFörster resonance energy transfer (FRET) imaging is a powerful tool for real-time cell biology studies. Here a method for FRET imaging cells in physiologic three-dimensional (3D) hydrogel microenvironments using conventional epifluorescence microscopy is presented. An analysis for ratiometric FRET probes that yields linear ratios over the activation range is described.
=521  \\$aFor undergraduate, graduate, and professional students
=546  \\$aEnglish
=650  \0$aBiology
=856  40$uhttps://www.jove.com/video/54135
=945  \\$aThe Whole World

