=LDR  00993ngm a2200000i 4500
=001  JoVEBiology54057
=008  161201s2016\\\\xx\\\\\g\\\\\\s\\\\\eng\d
=035  \\$a(OCoLC)733445860
=040  \\$aVaAlASP$cVaAlASP
=100  1\$aZhao,Zai Hao
=245  12$aAssessment of Myofilament Ca2+ Sensitivity Underlying Cardiac Excitation-contraction Coupling$h[electronic resource]
=260  \\$aCambridge, MA$bMyJoVE Corp$c2016
=300  \\$aonline resource (509 seconds)
=490  0\$aBiology
=500  \\$aTitle from resource description page
=520  \\$aThis paper describes a protocol that assesses the changes of myofilament Ca2+ sensitivity during contraction in isolated cardiac myocytes from rat heart. Together with cardiac electrophysiology, systolic/diastolic cytosol Ca2+ levels and contraction/relaxation, this measurement is imperative in underpinning the mechanisms mediating cardiac excitation-contraction coupling in healthy and diseased hearts. 
=521  \\$aFor undergraduate, graduate, and professional students
=546  \\$aEnglish
=650  \0$aBiology
=856  40$uhttps://www.jove.com/video/54057
=945  \\$aThe Whole World

