=LDR  00963ngm a2200000i 4500
=001  JoVEMedicine53795
=008  161201s2016\\\\xx\\\\\g\\\\\\s\\\\\eng\d
=035  \\$a(OCoLC)733445860
=040  \\$aVaAlASP$cVaAlASP
=100  1\$ade Leede,Eleonora  M.
=245  12$aPercutaneous Hepatic Perfusion (PHP) with Melphalan as a Treatment for Unresectable Metastases Confined to the Liver$h[electronic resource]
=260  \\$aCambridge, MA$bMyJoVE Corp$c2016
=300  \\$aonline resource (542 seconds)
=490  0\$aMedicine
=500  \\$aTitle from resource description page
=520  \\$aIn this manuscript, we describe percutaneous isolated hepatic perfusion with simultaneous chemofiltration as treatment for unresectable liver metastases. This procedure is performed under general anaesthesia in the angiosuite by an experienced team, consisting of an interventional radiologist, a clinical perfusionist and anaesthesiologist.
=521  \\$aFor undergraduate, graduate, and professional students
=546  \\$aEnglish
=650  \0$aMedicine
=856  40$uhttps://www.jove.com/video/53795
=945  \\$aThe Whole World

