=LDR  00916ngm a2200000i 4500
=001  JoVEMedicine54259
=008  161201s2016\\\\xx\\\\\g\\\\\\s\\\\\eng\d
=035  \\$a(OCoLC)733445860
=040  \\$aVaAlASP$cVaAlASP
=100  1\$aAgorku,David  J.
=245  12$aDepletion of Mouse Cells from Human Tumor Xenografts Significantly Improves Downstream Analysis of Target Cells$h[electronic resource]
=260  \\$aCambridge, MA$bMyJoVE Corp$c2016
=300  \\$aonline resource (430 seconds)
=490  0\$aMedicine
=500  \\$aTitle from resource description page
=520  \\$aHuman tumor xenografts are vascularized and infiltrated by cells of mouse origin during the growth phase in vivo. To circumvent the bias caused by these contaminating cells during downstream analysis, we developed a method allowing for comprehensive depletion of all mouse cells by magnetic cell sorting.
=521  \\$aFor undergraduate, graduate, and professional students
=546  \\$aEnglish
=650  \0$aMedicine
=856  40$uhttps://www.jove.com/video/54259
=945  \\$aThe Whole World

