=LDR  00749ngm a2200000i 4500
=001  JoVEMedicine54078
=008  161201s2016\\\\xx\\\\\g\\\\\\s\\\\\eng\d
=035  \\$a(OCoLC)733445860
=040  \\$aVaAlASP$cVaAlASP
=100  1\$aLiang,Rui
=245  12$aModeling Myotonic Dystrophy 1 in C2C12 Myoblast Cells$h[electronic resource]
=260  \\$aCambridge, MA$bMyJoVE Corp$c2016
=300  \\$aonline resource (579 seconds)
=490  0\$aMedicine
=500  \\$aTitle from resource description page
=520  \\$aIn this protocol, we present the procedures in establishing myotonic dystrophy 1 myoblast models, including optimized C2C12 cell maintenance, gene transfection/transduction, and myocyte differentiation.
=521  \\$aFor undergraduate, graduate, and professional students
=546  \\$aEnglish
=650  \0$aMedicine
=856  40$uhttps://www.jove.com/video/54078
=945  \\$aThe Whole World

