=LDR  01000ngm a2200000i 4500
=001  JoVEMedicine52809
=008  161201s2016\\\\xx\\\\\g\\\\\\s\\\\\eng\d
=035  \\$a(OCoLC)733445860
=040  \\$aVaAlASP$cVaAlASP
=100  1\$aPopok,David
=245  12$aDevelopment of an Algorithm to Perform a Comprehensive Study of Autonomic Dysreflexia in Animals with High Spinal Cord Injury Using a Telemetry Device$h[electronic resource]
=260  \\$aCambridge, MA$bMyJoVE Corp$c2016
=300  \\$aonline resource (411 seconds)
=490  0\$aMedicine
=500  \\$aTitle from resource description page
=520  \\$aThe catheter of a telemetry device is implanted into the abdominal aorta in order to continuously collect beat-by-beat hemodynamic data from animals pre and post-high thoracic spinal cord transection. A novel JAVA software was employed to analyze hemodynamic parameters as well as frequency and intensity of spontaneous episodes of autonomic dysreflexia.
=521  \\$aFor undergraduate, graduate, and professional students
=546  \\$aEnglish
=650  \0$aMedicine
=856  40$uhttps://www.jove.com/video/52809
=945  \\$aThe Whole World

