=LDR  00917ngm a2200000i 4500
=001  JoVEBiology54257
=008  161201s2016\\\\xx\\\\\g\\\\\\s\\\\\eng\d
=035  \\$a(OCoLC)733445860
=040  \\$aVaAlASP$cVaAlASP
=100  1\$aSeneshaw,Mulugeta
=245  12$aFast and Simplified Method for High Through-put Isolation of miRNA from Highly Purified High Density Lipoprotein$h[electronic resource]
=260  \\$aCambridge, MA$bMyJoVE Corp$c2016
=300  \\$aonline resource (588 seconds)
=490  0\$aBiology
=500  \\$aTitle from resource description page
=520  \\$aMicroRNAs play an important regulatory role and are emerging as novel therapeutic targets for various human diseases. It has been shown that miRNAs are carried in high density lipoproteins. We have developed a simplified method to rapidly isolate purified HDL suitable for miRNA analysis from human plasma.
=521  \\$aFor undergraduate, graduate, and professional students
=546  \\$aEnglish
=650  \0$aBiology
=856  40$uhttps://www.jove.com/video/54257
=945  \\$aThe Whole World

