=LDR  00740ngm a2200000i 4500
=001  JoVEMedicine53878
=008  161201s2016\\\\xx\\\\\g\\\\\\s\\\\\eng\d
=035  \\$a(OCoLC)733445860
=040  \\$aVaAlASP$cVaAlASP
=100  1\$aAhn,Seong Joon
=245  12$aUse of Rabbit Eyes in Pharmacokinetic Studies of Intraocular Drugs$h[electronic resource]
=260  \\$aCambridge, MA$bMyJoVE Corp$c2016
=300  \\$aonline resource (602 seconds)
=490  0\$aMedicine
=500  \\$aTitle from resource description page
=520  \\$aRabbits are widely used to study the pharmacokinetics of intraocular drugs. We describe a method for conducting pharmacokinetic studies of intraocular drugs using rabbit eyes.
=521  \\$aFor undergraduate, graduate, and professional students
=546  \\$aEnglish
=650  \0$aMedicine
=856  40$uhttps://www.jove.com/video/53878
=945  \\$aThe Whole World

