=LDR  00868ngm a2200000i 4500
=001  JoVEBiology54207
=008  161201s2016\\\\xx\\\\\g\\\\\\s\\\\\eng\d
=035  \\$a(OCoLC)733445860
=040  \\$aVaAlASP$cVaAlASP
=100  1\$aBai,Qianfan
=245  12$aDetection of RNA-binding Proteins by In Vitro RNA Pull-down in Adipocyte Culture$h[electronic resource]
=260  \\$aCambridge, MA$bMyJoVE Corp$c2016
=300  \\$aonline resource (634 seconds)
=490  0\$aBiology
=500  \\$aTitle from resource description page
=520  \\$aAn RNA pull-down protocol is optimized here for detection of interactions between RNA-binding proteins (RBPs) and noncoding as well as coding RNAs. An RNA fragment from androgen receptor (AR) was used as an example to demonstrate how to retrieve its RBP from lystate of primary brown adipocytes.
=521  \\$aFor undergraduate, graduate, and professional students
=546  \\$aEnglish
=650  \0$aBiology
=856  40$uhttps://www.jove.com/video/54207
=945  \\$aThe Whole World

