=LDR  00936ngm a2200000i 4500
=001  JoVEBiology54126
=008  161201s2016\\\\xx\\\\\g\\\\\\s\\\\\eng\d
=035  \\$a(OCoLC)733445860
=040  \\$aVaAlASP$cVaAlASP
=100  1\$aKaneko,Gen
=245  12$aMeasurement of Survival Time in Brachionus Rotifers: Synchronization of Maternal Conditions$h[electronic resource]
=260  \\$aCambridge, MA$bMyJoVE Corp$c2016
=300  \\$aonline resource (318 seconds)
=490  0\$aBiology
=500  \\$aTitle from resource description page
=520  \\$aRotifers are microscopic zooplankton used as models in ecotoxicological and aging studies. Here we provide a protocol for powerful and reproducible measurement of survival time in Brachionus rotifers. Synchronization of culture conditions over several generations is of particular importance because maternal condition affects life history of offspring.
=521  \\$aFor undergraduate, graduate, and professional students
=546  \\$aEnglish
=650  \0$aBiology
=856  40$uhttps://www.jove.com/video/54126
=945  \\$aThe Whole World

