=LDR  00792ngm a2200000i 4500
=001  JoVEMedicine53947
=008  161201s2016\\\\xx\\\\\g\\\\\\s\\\\\eng\d
=035  \\$a(OCoLC)733445860
=040  \\$aVaAlASP$cVaAlASP
=100  1\$aHuang,Andrew Chih Wei
=245  12$aAutoradiographic Measurements of [14C]-Iodoantipyrine in Rat Brain Following Central Post-Stroke Pain$h[electronic resource]
=260  \\$aCambridge, MA$bMyJoVE Corp$c2016
=300  \\$aonline resource (447 seconds)
=490  0\$aMedicine
=500  \\$aTitle from resource description page
=520  \\$aWe present a protocol to measure [14C]-iodoantipyrine (IAP) uptake and assess the activation of neural substrates that are involved in central post-stroke pain (CPSP) in a rodent model.
=521  \\$aFor undergraduate, graduate, and professional students
=546  \\$aEnglish
=650  \0$aMedicine
=856  40$uhttps://www.jove.com/video/53947
=945  \\$aThe Whole World

