=LDR  00889ngm a2200000i 4500
=001  JoVEMedicine53316
=008  161201s2016\\\\xx\\\\\g\\\\\\s\\\\\eng\d
=035  \\$a(OCoLC)733445860
=040  \\$aVaAlASP$cVaAlASP
=100  1\$aLewellen,Kyle  A.
=245  12$aQuantitation of Intra-peritoneal Ovarian Cancer Metastasis$h[electronic resource]
=260  \\$aCambridge, MA$bMyJoVE Corp$c2016
=300  \\$aonline resource (658 seconds)
=490  0\$aMedicine
=500  \\$aTitle from resource description page
=520  \\$aOvarian cancer metastasis is characterized by numerous diffuse intra-peritoneal lesions, such that accurate visual quantitation of tumor burden is challenging.  Herein we describe a method for in situ and ex vivo quantitation of metastatic tumor burden using red fluorescent protein (RFP)-labeled tumor cells and optical imaging.
=521  \\$aFor undergraduate, graduate, and professional students
=546  \\$aEnglish
=650  \0$aMedicine
=856  40$uhttps://www.jove.com/video/53316
=945  \\$aThe Whole World

