=LDR  00720ngm a2200000i 4500
=001  JoVEMedicine52751
=008  161201s2016\\\\xx\\\\\g\\\\\\s\\\\\eng\d
=035  \\$a(OCoLC)733445860
=040  \\$aVaAlASP$cVaAlASP
=100  1\$aVan Avermaete,Ashley  E.
=245  12$aReal-time X-ray Imaging of Lung Fluid Volumes in Neonatal Mouse Lung$h[electronic resource]
=260  \\$aCambridge, MA$bMyJoVE Corp$c2016
=300  \\$aonline resource (686 seconds)
=490  0\$aMedicine
=500  \\$aTitle from resource description page
=520  \\$aWe present a protocol to assess the rate of alveolar fluid clearance or pulmonary edema in neonatal mouse lung using X-ray imaging technology. 
=521  \\$aFor undergraduate, graduate, and professional students
=546  \\$aEnglish
=650  \0$aMedicine
=856  40$uhttps://www.jove.com/video/52751
=945  \\$aThe Whole World

