=LDR  00868ngm a2200000i 4500
=001  JoVEBiology54356
=008  161201s2016\\\\xx\\\\\g\\\\\\s\\\\\eng\d
=035  \\$a(OCoLC)733445860
=040  \\$aVaAlASP$cVaAlASP
=100  1\$aRenaud,Justine
=245  12$aDevelopment of an Insert Co-culture System of Two Cellular Types in the Absence of Cell-Cell Contact$h[electronic resource]
=260  \\$aCambridge, MA$bMyJoVE Corp$c2016
=300  \\$aonline resource (689 seconds)
=490  0\$aBiology
=500  \\$aTitle from resource description page
=520  \\$aIn multicellular organisms, secreted soluble factors elicit responses from different cell types as a result of paracrine signaling. Insert co-culture systems offer a simple way to assess the changes mediated by secreted soluble factors in the absence of cell-cell contact.
=521  \\$aFor undergraduate, graduate, and professional students
=546  \\$aEnglish
=650  \0$aBiology
=856  40$uhttps://www.jove.com/video/54356
=945  \\$aThe Whole World

