=LDR  00990ngm a2200000i 4500
=001  JoVEBiology54262
=008  161201s2016\\\\xx\\\\\g\\\\\\s\\\\\eng\d
=035  \\$a(OCoLC)733445860
=040  \\$aVaAlASP$cVaAlASP
=100  1\$aMytskaniuk,Vasyl
=245  12$aImplementation of a Coherent Anti-Stokes Raman Scattering (CARS) System on a Ti:Sapphire and OPO Laser Based Standard Laser Scanning Microscope$h[electronic resource]
=260  \\$aCambridge, MA$bMyJoVE Corp$c2016
=300  \\$aonline resource (774 seconds)
=490  0\$aBiology
=500  \\$aTitle from resource description page
=520  \\$aCoherent anti-Stokes Raman scattering (CARS) microscopy based on inherent vibration of molecule bonds permits label-free chemically selective live cell imaging. This work presents the implementation of a complementary microscopy technique on a standard multiphoton laser scanning microscope based on a femtosecond Ti:sapphire laser and an OPO laser.
=521  \\$aFor undergraduate, graduate, and professional students
=546  \\$aEnglish
=650  \0$aBiology
=856  40$uhttps://www.jove.com/video/54262
=945  \\$aThe Whole World

