=LDR  00925ngm a2200000i 4500
=001  JoVEBiology54241
=008  161201s2016\\\\xx\\\\\g\\\\\\s\\\\\eng\d
=035  \\$a(OCoLC)733445860
=040  \\$aVaAlASP$cVaAlASP
=100  1\$aMcKee,Robert  A.
=245  12$aNephrotoxin Microinjection in Zebrafish to Model Acute Kidney Injury$h[electronic resource]
=260  \\$aCambridge, MA$bMyJoVE Corp$c2016
=300  \\$aonline resource (478 seconds)
=490  0\$aBiology
=500  \\$aTitle from resource description page
=520  \\$aRenal injuries incurred from nephrotoxins, which include drugs ranging from antibiotics to chemotherapeutics, can result in complex disorders whose pathogenesis remains incompletely understood. This protocol demonstrates how zebrafish can be used for disease modeling of these conditions, which can be applied to the identification of renoprotective measures.
=521  \\$aFor undergraduate, graduate, and professional students
=546  \\$aEnglish
=650  \0$aBiology
=856  40$uhttps://www.jove.com/video/54241
=945  \\$aThe Whole World

