=LDR  00911ngm a2200000i 4500
=001  JoVEMedicine54298
=008  161201s2016\\\\xx\\\\\g\\\\\\s\\\\\eng\d
=035  \\$a(OCoLC)733445860
=040  \\$aVaAlASP$cVaAlASP
=100  1\$aZhao,Zhengshan
=245  12$aA High-content In Vitro Pancreatic Islet β-cell Replication Discovery Platform$h[electronic resource]
=260  \\$aCambridge, MA$bMyJoVE Corp$c2016
=300  \\$aonline resource (575 seconds)
=490  0\$aMedicine
=500  \\$aTitle from resource description page
=520  \\$aCritical challenges for the diabetes research field are to understand the molecular mechanisms that regulate islet β-cell replication and to develop methods for stimulating β-cell regeneration. Herein a high-content screening method to identify and assess the β-cell replication-promoting activity of small molecules is presented.
=521  \\$aFor undergraduate, graduate, and professional students
=546  \\$aEnglish
=650  \0$aMedicine
=856  40$uhttps://www.jove.com/video/54298
=945  \\$aThe Whole World

