=LDR  00967ngm a2200000i 4500
=001  JoVEMedicine54136
=008  161201s2016\\\\xx\\\\\g\\\\\\s\\\\\eng\d
=035  \\$a(OCoLC)733445860
=040  \\$aVaAlASP$cVaAlASP
=100  1\$aPatterson,Victoria L.
=245  12$aA Phenotyping Regimen for Genetically Modified Mice Used to Study Genes Implicated in Human Diseases of Aging$h[electronic resource]
=260  \\$aCambridge, MA$bMyJoVE Corp$c2016
=300  \\$aonline resource (577 seconds)
=490  0\$aMedicine
=500  \\$aTitle from resource description page
=520  \\$aA reverse-genetics approach to understanding gene families associated with human disease is presented, using mouse as a model system, and the subsequent mouse phenotyping schedule is described. Because mice defective in a gene of interest, HtrA2, manifested Parkinsonian symptoms, the phenotyping regimen is focused on identifying neurological defects.
=521  \\$aFor undergraduate, graduate, and professional students
=546  \\$aEnglish
=650  \0$aMedicine
=856  40$uhttps://www.jove.com/video/54136
=945  \\$aThe Whole World

