=LDR  01031ngm a2200000i 4500
=001  JoVEMedicine54065
=008  161201s2016\\\\xx\\\\\g\\\\\\s\\\\\eng\d
=035  \\$a(OCoLC)733445860
=040  \\$aVaAlASP$cVaAlASP
=100  1\$aHartsock,Matthew  J.
=245  12$aA Mouse Model of Retinal Ischemia-Reperfusion Injury Through Elevation of Intraocular Pressure$h[electronic resource]
=260  \\$aCambridge, MA$bMyJoVE Corp$c2016
=300  \\$aonline resource (457 seconds)
=490  0\$aMedicine
=500  \\$aTitle from resource description page
=520  \\$aThis article describes a procedure for inducing retinal ischemia-reperfusion injury by elevated intraocular pressure in mice. Retinal ischemia-reperfusion injury by elevated intraocular pressure serves to model human pathologies characterized by compromised oxygen and nutrient delivery in the retina, enabling researchers to examine potential cellular mechanisms and treatments for human diseases of the retinal neurovascular unit.
=521  \\$aFor undergraduate, graduate, and professional students
=546  \\$aEnglish
=650  \0$aMedicine
=856  40$uhttps://www.jove.com/video/54065
=945  \\$aThe Whole World

