=LDR  00836ngm a2200000i 4500
=001  JoVEMedicine53640
=008  161201s2016\\\\xx\\\\\g\\\\\\s\\\\\eng\d
=035  \\$a(OCoLC)733445860
=040  \\$aVaAlASP$cVaAlASP
=100  1\$aAntoniades,Chrystalina  A.
=245  12$aUsing Saccadometry with Deep Brain Stimulation to Study Normal and Pathological Brain Function$h[electronic resource]
=260  \\$aCambridge, MA$bMyJoVE Corp$c2016
=300  \\$aonline resource (344 seconds)
=490  0\$aMedicine
=500  \\$aTitle from resource description page
=520  \\$aThis paper describes the use of quantitative measurement of eye movements in conjunction with stimulation of focal areas of the deep brain in order to study physiology, pathophysiology, and the mechanisms of deep brain stimulation.
=521  \\$aFor undergraduate, graduate, and professional students
=546  \\$aEnglish
=650  \0$aMedicine
=856  40$uhttps://www.jove.com/video/53640
=945  \\$aThe Whole World

