=LDR  00996ngm a2200000i 4500
=001  JoVEBiology54161
=008  161201s2016\\\\xx\\\\\g\\\\\\s\\\\\eng\d
=035  \\$a(OCoLC)733445860
=040  \\$aVaAlASP$cVaAlASP
=100  1\$aBialkowska,Agnieszka  B.
=245  12$aImproved Swiss-rolling Technique for Intestinal Tissue Preparation for Immunohistochemical and Immunofluorescent Analyses$h[electronic resource]
=260  \\$aCambridge, MA$bMyJoVE Corp$c2016
=300  \\$aonline resource (462 seconds)
=490  0\$aBiology
=500  \\$aTitle from resource description page
=520  \\$aAccurate identification and location of epithelial cells along the intestinal mucosal lining are essential to define different cell lineages. Proper imaging of intestinal tissues is crucial for identification of protein expression patterns with maximum resolution. This study aims to delineate the optimal methods and conditions for processing mouse intestinal tissues.
=521  \\$aFor undergraduate, graduate, and professional students
=546  \\$aEnglish
=650  \0$aBiology
=856  40$uhttps://www.jove.com/video/54161
=945  \\$aThe Whole World

