=LDR  00902ngm a2200000i 4500
=001  JoVEBiology53433
=008  161201s2016\\\\xx\\\\\g\\\\\\s\\\\\eng\d
=035  \\$a(OCoLC)733445860
=040  \\$aVaAlASP$cVaAlASP
=100  1\$aChan,Kun-Wei
=245  12$aDevelopment of a Colloidal Gold-based Immunochromatographic Test Strip for Detection of Cetacean Myoglobin$h[electronic resource]
=260  \\$aCambridge, MA$bMyJoVE Corp$c2016
=300  \\$aonline resource (708 seconds)
=490  0\$aBiology
=500  \\$aTitle from resource description page
=520  \\$aThis protocol describes the development of two IgG class monoclonal antibodies (mAbs) strongly reactive to myoglobin of cetaceans. These mAbs are applied on a colloidal gold immunochromatographic test strip based on the sandwich format to differentiate the Mb of cetaceans from seal and other animals. 
=521  \\$aFor undergraduate, graduate, and professional students
=546  \\$aEnglish
=650  \0$aBiology
=856  40$uhttps://www.jove.com/video/53433
=945  \\$aThe Whole World

