=LDR  01008ngm a2200000i 4500
=001  JoVEMedicine53609
=008  161201s2016\\\\xx\\\\\g\\\\\\s\\\\\eng\d
=035  \\$a(OCoLC)733445860
=040  \\$aVaAlASP$cVaAlASP
=100  1\$aCosette,Jeremie
=245  12$aBioluminescence-Based Tumor Quantification Method for Monitoring Tumor Progression and Treatment Effects in Mouse Lymphoma Models$h[electronic resource]
=260  \\$aCambridge, MA$bMyJoVE Corp$c2016
=300  \\$aonline resource (432 seconds)
=490  0\$aMedicine
=500  \\$aTitle from resource description page
=520  \\$aBioluminescence imaging is a well-known tool for localizing tumors and metastases, but quantification of these images often requires complex calculations and particular instruments. We describe the easy-to-use luminoscore method, based on precise acquisition conditions, requiring no calculations, and enabling tumor burden and treatment response to be monitored in mouse models.
=521  \\$aFor undergraduate, graduate, and professional students
=546  \\$aEnglish
=650  \0$aMedicine
=856  40$uhttps://www.jove.com/video/53609
=945  \\$aThe Whole World

