=LDR  00955ngm a2200000i 4500
=001  JoVEMedicine53446
=008  161201s2016\\\\xx\\\\\g\\\\\\s\\\\\eng\d
=035  \\$a(OCoLC)733445860
=040  \\$aVaAlASP$cVaAlASP
=100  1\$aBaumbach,Sebastian  F.
=245  12$aDiagnosis of Musculus Gastrocnemius Tightness - Key Factors for the Clinical Examination$h[electronic resource]
=260  \\$aCambridge, MA$bMyJoVE Corp$c2016
=300  \\$aonline resource (523 seconds)
=490  0\$aMedicine
=500  \\$aTitle from resource description page
=520  \\$aIsolated Musculus gastrocnemius tightness is a common cause for foot and ankle pathologies. Currently no standardized examination procedure exists. This manuscript demonstrates that 20 degree of knee flexion eliminates the restraining effect of the M. gastrocnemius on ankle dorsiflexion and presents a video description of a standardized examination protocol.
=521  \\$aFor undergraduate, graduate, and professional students
=546  \\$aEnglish
=650  \0$aMedicine
=856  40$uhttps://www.jove.com/video/53446
=945  \\$aThe Whole World

