=LDR  00888ngm a2200000i 4500
=001  JoVEMedicine52600
=008  161201s2016\\\\xx\\\\\g\\\\\\s\\\\\eng\d
=035  \\$a(OCoLC)733445860
=040  \\$aVaAlASP$cVaAlASP
=100  1\$aIles,Tinen L.
=245  12$aTesting the Efficacy of Pharmacological Agents in a Pericardial Target Delivery Model in the Swine$h[electronic resource]
=260  \\$aCambridge, MA$bMyJoVE Corp$c2016
=300  \\$aonline resource (605 seconds)
=490  0\$aMedicine
=500  \\$aTitle from resource description page
=520  \\$aWe have developed a swine model for the target delivery of pharmacological agents within the pericardial space/fluid. Using this approach, the relative benefits of administered agents on induced atrial fibrillation, relative refractory periods and/or ischemic protection can be investigated. 
=521  \\$aFor undergraduate, graduate, and professional students
=546  \\$aEnglish
=650  \0$aMedicine
=856  40$uhttps://www.jove.com/video/52600
=945  \\$aThe Whole World

