=LDR  00689ngm a2200000i 4500
=001  JoVEBiology54121
=008  161201s2016\\\\xx\\\\\g\\\\\\s\\\\\eng\d
=035  \\$a(OCoLC)733445860
=040  \\$aVaAlASP$cVaAlASP
=100  1\$aArndt,Stefanie
=245  12$aSynthesis of Wavelength-shifting DNA Hybridization Probes by Using Photostable Cyanine Dyes$h[electronic resource]
=260  \\$aCambridge, MA$bMyJoVE Corp$c2016
=300  \\$aonline resource (464 seconds)
=490  0\$aBiology
=500  \\$aTitle from resource description page
=520  \\$aPhotostable cyanine dyes are attached to oligonucleotides to monitor hybridization by energy transfer.
=521  \\$aFor undergraduate, graduate, and professional students
=546  \\$aEnglish
=650  \0$aBiology
=856  40$uhttps://www.jove.com/video/54121
=945  \\$aThe Whole World

