=LDR  01014ngm a2200000i 4500
=001  JoVEBiology54119
=008  161201s2016\\\\xx\\\\\g\\\\\\s\\\\\eng\d
=035  \\$a(OCoLC)733445860
=040  \\$aVaAlASP$cVaAlASP
=100  1\$aStiffler,Michael  Allen
=245  12$aA Protocol for Functional Assessment of Whole-Protein Saturation Mutagenesis Libraries Utilizing High-Throughput Sequencing$h[electronic resource]
=260  \\$aCambridge, MA$bMyJoVE Corp$c2016
=300  \\$aonline resource (696 seconds)
=490  0\$aBiology
=500  \\$aTitle from resource description page
=520  \\$aWe present a protocol for the functional assessment of comprehensive single-site saturation mutagenesis libraries of proteins utilizing high-throughput sequencing. Importantly, this approach uses orthogonal primer pairs to multiplex library construction and sequencing. Representative results using TEM-1 β-lactamase selected at a clinically relevant dosage of ampicillin are provided.
=521  \\$aFor undergraduate, graduate, and professional students
=546  \\$aEnglish
=650  \0$aBiology
=856  40$uhttps://www.jove.com/video/54119
=945  \\$aThe Whole World

