=LDR  00982ngm a2200000i 4500
=001  JoVEBiology54091
=008  161201s2016\\\\xx\\\\\g\\\\\\s\\\\\eng\d
=035  \\$a(OCoLC)733445860
=040  \\$aVaAlASP$cVaAlASP
=100  1\$aBarbato,Robyn A.
=245  12$aRemoval of Exogenous Materials from the Outer Portion of Frozen Cores to Investigate the Ancient Biological Communities Harbored Inside$h[electronic resource]
=260  \\$aCambridge, MA$bMyJoVE Corp$c2016
=300  \\$aonline resource (546 seconds)
=490  0\$aBiology
=500  \\$aTitle from resource description page
=520  \\$aThe cryosphere offers access to preserved organisms that persisted under past environmental conditions. A protocol is presented to collect and decontaminate permafrost cores of soils and ice. The absence of exogenous colonies and DNA suggest that microorganisms detected represent the material, rather than contamination from drilling or processing.
=521  \\$aFor undergraduate, graduate, and professional students
=546  \\$aEnglish
=650  \0$aBiology
=856  40$uhttps://www.jove.com/video/54091
=945  \\$aThe Whole World

