=LDR  00704ngm a2200000i 4500
=001  JoVEBiology53985
=008  161201s2016\\\\xx\\\\\g\\\\\\s\\\\\eng\d
=035  \\$a(OCoLC)733445860
=040  \\$aVaAlASP$cVaAlASP
=100  1\$aLuo,Shizhen
=245  12$aIsolation of Mouse Coronary Endothelial Cells$h[electronic resource]
=260  \\$aCambridge, MA$bMyJoVE Corp$c2016
=300  \\$aonline resource (456 seconds)
=490  0\$aBiology
=500  \\$aTitle from resource description page
=520  \\$aThis protocol is prepared to share our method of isolating mouse coronary endothelial cells for the purpose of imaging or to conduct molecular biological experiments.
=521  \\$aFor undergraduate, graduate, and professional students
=546  \\$aEnglish
=650  \0$aBiology
=856  40$uhttps://www.jove.com/video/53985
=945  \\$aThe Whole World

