=LDR  00704ngm a2200000i 4500
=001  JoVEMedicine54117
=008  161201s2016\\\\xx\\\\\g\\\\\\s\\\\\eng\d
=035  \\$a(OCoLC)733445860
=040  \\$aVaAlASP$cVaAlASP
=100  1\$aMatranga,Christian  B.
=245  12$aUnbiased Deep Sequencing of RNA Viruses from Clinical Samples$h[electronic resource]
=260  \\$aCambridge, MA$bMyJoVE Corp$c2016
=300  \\$aonline resource (576 seconds)
=490  0\$aMedicine
=500  \\$aTitle from resource description page
=520  \\$aThis protocol describes a rapid and broadly applicable method for unbiased RNA-sequencing of viral samples from human clinical isolates.
=521  \\$aFor undergraduate, graduate, and professional students
=546  \\$aEnglish
=650  \0$aMedicine
=856  40$uhttps://www.jove.com/video/54117
=945  \\$aThe Whole World

