=LDR  00950ngm a2200000i 4500
=001  JoVEMedicine54077
=008  161201s2016\\\\xx\\\\\g\\\\\\s\\\\\eng\d
=035  \\$a(OCoLC)733445860
=040  \\$aVaAlASP$cVaAlASP
=100  1\$aLee,Won-Jae
=245  12$aIsolation and Cellular Phenotyping of Mesenchymal Stem Cells Derived from Synovial Fluid and Bone Marrow of Minipigs$h[electronic resource]
=260  \\$aCambridge, MA$bMyJoVE Corp$c2016
=300  \\$aonline resource (647 seconds)
=490  0\$aMedicine
=500  \\$aTitle from resource description page
=520  \\$aA protocol establishing mesenchymal stem cells (MSCs) isolated from the synovial fluid and bone marrow of minipigs and non-invasively collected using syringe aspiration is presented. Cellular phenotyping was performed using flow cytometry after cell isolation and in vitro cultivation of bone marrow and synovial fluids derived from MSCs.
=521  \\$aFor undergraduate, graduate, and professional students
=546  \\$aEnglish
=650  \0$aMedicine
=856  40$uhttps://www.jove.com/video/54077
=945  \\$aThe Whole World

