=LDR  00872ngm a2200000i 4500
=001  JoVEBiology54045
=008  161201s2016\\\\xx\\\\\g\\\\\\s\\\\\eng\d
=035  \\$a(OCoLC)733445860
=040  \\$aVaAlASP$cVaAlASP
=100  1\$aBland,Michelle  L.
=245  12$aMeasurement of Carbon Dioxide Production from Radiolabeled Substrates in Drosophila melanogaster$h[electronic resource]
=260  \\$aCambridge, MA$bMyJoVE Corp$c2016
=300  \\$aonline resource (601 seconds)
=490  0\$aBiology
=500  \\$aTitle from resource description page
=520  \\$aThis paper describes a method for the measurement of fuel oxidation in Drosophila melanogaster in which trace amounts of specific radiolabeled metabolic substrates are fed to flies. The exhaled radiolabeled CO2 that is a produced from fuel oxidation is collected and measured.
=521  \\$aFor undergraduate, graduate, and professional students
=546  \\$aEnglish
=650  \0$aBiology
=856  40$uhttps://www.jove.com/video/54045
=945  \\$aThe Whole World

