=LDR  00880ngm a2200000i 4500
=001  JoVEMedicine54306
=008  161201s2016\\\\xx\\\\\g\\\\\\s\\\\\eng\d
=035  \\$a(OCoLC)733445860
=040  \\$aVaAlASP$cVaAlASP
=100  1\$aVadrevu,Surya  Kumari
=245  12$aStudying the Role of Alveolar Macrophages in Breast Cancer Metastasis$h[electronic resource]
=260  \\$aCambridge, MA$bMyJoVE Corp$c2016
=300  \\$aonline resource (467 seconds)
=490  0\$aMedicine
=500  \\$aTitle from resource description page
=520  \\$aHere we describe the model and approach to study functions of pulmonary alveolar macrophages in cancer metastasis. To demonstrate the role of these cells in metastasis, the syngeneic (4T1) model of breast cancer in conjunction with the depletion of alveolar macrophage with clodronate liposomes was used. 
=521  \\$aFor undergraduate, graduate, and professional students
=546  \\$aEnglish
=650  \0$aMedicine
=856  40$uhttps://www.jove.com/video/54306
=945  \\$aThe Whole World

