=LDR  00912ngm a2200000i 4500
=001  JoVEMedicine54050
=008  161201s2016\\\\xx\\\\\g\\\\\\s\\\\\eng\d
=035  \\$a(OCoLC)733445860
=040  \\$aVaAlASP$cVaAlASP
=100  1\$aPeterson,Shelby  C.
=245  12$aCutaneous Surgical Denervation:  A Method for Testing the Requirement for Nerves in Mouse Models of Skin Disease$h[electronic resource]
=260  \\$aCambridge, MA$bMyJoVE Corp$c2016
=300  \\$aonline resource (481 seconds)
=490  0\$aMedicine
=500  \\$aTitle from resource description page
=520  \\$aThis article includes detailed protocols for genetic labeling of mouse skin, surgical denervation, skin biopsy and visualizing labeled epithelia by whole-mount β-galactosidase staining. These methods can be used to test the requirement for nerves in mouse models of normal and pathological skin.
=521  \\$aFor undergraduate, graduate, and professional students
=546  \\$aEnglish
=650  \0$aMedicine
=856  40$uhttps://www.jove.com/video/54050
=945  \\$aThe Whole World

