=LDR  00984ngm a2200000i 4500
=001  JoVEBiology53850
=008  161201s2016\\\\xx\\\\\g\\\\\\s\\\\\eng\d
=035  \\$a(OCoLC)733445860
=040  \\$aVaAlASP$cVaAlASP
=100  1\$aHudson,André O.
=245  12$aFunctional Complementation Analysis (FCA): A Laboratory Exercise Designed and Implemented to Supplement the Teaching of Biochemical Pathways$h[electronic resource]
=260  \\$aCambridge, MA$bMyJoVE Corp$c2016
=300  \\$aonline resource (567 seconds)
=490  0\$aBiology
=500  \\$aTitle from resource description page
=520  \\$aThe validation of enzymatic activities involved in biochemical pathways can be elucidated using functional complementation analysis (FCA). Described in this manuscript is the FCA assay demonstrating the enzymatic activity of enzymes involved in the metabolism of amino acids, bacterial stringent response and bacterial peptidoglycan biosynthesis.
=521  \\$aFor undergraduate, graduate, and professional students
=546  \\$aEnglish
=650  \0$aBiology
=856  40$uhttps://www.jove.com/video/53850
=945  \\$aThe Whole World

