=LDR  00830ngm a2200000i 4500
=001  JoVEBiology54141
=008  161201s2016\\\\xx\\\\\g\\\\\\s\\\\\eng\d
=035  \\$a(OCoLC)733445860
=040  \\$aVaAlASP$cVaAlASP
=100  1\$aLee,Seonghyun
=245  12$aVisualization of Surface-tethered Large DNA Molecules with a Fluorescent Protein DNA Binding Peptide$h[electronic resource]
=260  \\$aCambridge, MA$bMyJoVE Corp$c2016
=300  \\$aonline resource (531 seconds)
=490  0\$aBiology
=500  \\$aTitle from resource description page
=520  \\$aWe present an approach for visualizing fluorescent protein DNA binding peptide (FP-DBP)-stained large DNA molecules tethered on the polyethylene glycol (PEG) and avidin-coated glass surface and stretched with microfluidic shear flows. 
=521  \\$aFor undergraduate, graduate, and professional students
=546  \\$aEnglish
=650  \0$aBiology
=856  40$uhttps://www.jove.com/video/54141
=945  \\$aThe Whole World

