=LDR  00946ngm a2200000i 4500
=001  JoVEBiology54066
=008  161201s2016\\\\xx\\\\\g\\\\\\s\\\\\eng\d
=035  \\$a(OCoLC)733445860
=040  \\$aVaAlASP$cVaAlASP
=100  1\$aCharuvi,Dana
=245  12$aStudying the Supramolecular Organization of Photosynthetic Membranes within Freeze-fractured Leaf Tissues by Cryo-scanning Electron Microscopy$h[electronic resource]
=260  \\$aCambridge, MA$bMyJoVE Corp$c2016
=300  \\$aonline resource (832 seconds)
=490  0\$aBiology
=500  \\$aTitle from resource description page
=520  \\$aHere we describe a procedure for studying freeze-fractured plant tissues. High-pressure frozen leaf samples are freeze-fractured and double-layer coated, yielding well preserved frozen-hydrated samples that are imaged using the cryo-scanning electron microscope at high magnifications with minimal beam damage.
=521  \\$aFor undergraduate, graduate, and professional students
=546  \\$aEnglish
=650  \0$aBiology
=856  40$uhttps://www.jove.com/video/54066
=945  \\$aThe Whole World

