=LDR  00909ngm a2200000i 4500
=001  JoVEBiology54063
=008  161201s2016\\\\xx\\\\\g\\\\\\s\\\\\eng\d
=035  \\$a(OCoLC)733445860
=040  \\$aVaAlASP$cVaAlASP
=100  1\$aSmith,Joshua E.
=245  12$aDesign and Development of Aptamer-Gold Nanoparticle Based Colorimetric Assays for In-the-field Applications$h[electronic resource]
=260  \\$aCambridge, MA$bMyJoVE Corp$c2016
=300  \\$aonline resource (503 seconds)
=490  0\$aBiology
=500  \\$aTitle from resource description page
=520  \\$aThe design and development of an aptamer-gold nanoparticle colorimetric assay for the detection of small molecules for in-the-field applications was examined. Additionally, a smart-device colorimetric application (app) was validated and long-term storage of the assay was established for use in the field.
=521  \\$aFor undergraduate, graduate, and professional students
=546  \\$aEnglish
=650  \0$aBiology
=856  40$uhttps://www.jove.com/video/54063
=945  \\$aThe Whole World

