=LDR  00910ngm a2200000i 4500
=001  JoVEBiology54113
=008  161201s2016\\\\xx\\\\\g\\\\\\s\\\\\eng\d
=035  \\$a(OCoLC)733445860
=040  \\$aVaAlASP$cVaAlASP
=100  1\$aKowalko,Johanna E.
=245  12$aGenome Editing in Astyanax mexicanus Using Transcription Activator-like Effector Nucleases (TALENs)$h[electronic resource]
=260  \\$aCambridge, MA$bMyJoVE Corp$c2016
=300  \\$aonline resource (462 seconds)
=490  0\$aBiology
=500  \\$aTitle from resource description page
=520  \\$aGene-targeting mutagenesis is now possible in a wide range of organisms using genome editing techniques. Here, we demonstrate a protocol for targeted gene mutagenesis using transcription activator like effector nucleases (TALENs) in Astyanax mexicanus, a species of fish that includes surface fish and cavefish.
=521  \\$aFor undergraduate, graduate, and professional students
=546  \\$aEnglish
=650  \0$aBiology
=856  40$uhttps://www.jove.com/video/54113
=945  \\$aThe Whole World

