=LDR  00992ngm a2200000i 4500
=001  JoVEBiology53912
=008  161201s2016\\\\xx\\\\\g\\\\\\s\\\\\eng\d
=035  \\$a(OCoLC)733445860
=040  \\$aVaAlASP$cVaAlASP
=100  1\$aZiomek,Gabriela
=245  12$aMeasurement of Calcium Fluctuations Within the Sarcoplasmic Reticulum of Cultured Smooth Muscle Cells Using FRET-based Confocal Imaging$h[electronic resource]
=260  \\$aCambridge, MA$bMyJoVE Corp$c2016
=300  \\$aonline resource (605 seconds)
=490  0\$aBiology
=500  \\$aTitle from resource description page
=520  \\$aCurrently, most available calcium indicators are used to quantify cytoplasmic calcium transients as indirect measures of calcium released from the sarcoplasmic reticulum in cultured smooth muscle cells. This protocol describes the use of a specific FRET-based indicator that allows direct measurement of calcium signals within the sarcoplasmic reticulum lumen.
=521  \\$aFor undergraduate, graduate, and professional students
=546  \\$aEnglish
=650  \0$aBiology
=856  40$uhttps://www.jove.com/video/53912
=945  \\$aThe Whole World

