=LDR  00954ngm a2200000i 4500
=001  JoVEBiology53972
=008  161201s2016\\\\xx\\\\\g\\\\\\s\\\\\eng\d
=035  \\$a(OCoLC)733445860
=040  \\$aVaAlASP$cVaAlASP
=100  1\$aDrexler,Stefan  K.
=245  12$aInvestigating the Function of Coronin A in the Early Starvation Response of Dictyostelium discoideum by Aggregation Assays$h[electronic resource]
=260  \\$aCambridge, MA$bMyJoVE Corp$c2016
=300  \\$aonline resource (468 seconds)
=490  0\$aBiology
=500  \\$aTitle from resource description page
=520  \\$aThe social amoeba Dictyostelium discoideum undergoes a developmental transition into a multicellular organism when starved. The evolutionary conserved protein coronin A plays a crucial role in the initiation of development. Using aggregation assays as our main method, we aim to elucidate the role of coronin A in early development.
=521  \\$aFor undergraduate, graduate, and professional students
=546  \\$aEnglish
=650  \0$aBiology
=856  40$uhttps://www.jove.com/video/53972
=945  \\$aThe Whole World

