=LDR  00820ngm a2200000i 4500
=001  JoVEBiology53782
=008  161201s2016\\\\xx\\\\\g\\\\\\s\\\\\eng\d
=035  \\$a(OCoLC)733445860
=040  \\$aVaAlASP$cVaAlASP
=100  1\$aCollins,Jennifer  J.P.
=245  12$aIsolation of CD146+ Resident Lung Mesenchymal Stromal Cells from Rat Lungs$h[electronic resource]
=260  \\$aCambridge, MA$bMyJoVE Corp$c2016
=300  \\$aonline resource (587 seconds)
=490  0\$aBiology
=500  \\$aTitle from resource description page
=520  \\$aThis protocol describes an isolation technique for obtaining primary lung resident mesenchymal stromal cells from rats, through the use of enzymatic digestion, density gradient separation, plastic adherence and CD146+ magnetic bead selection.
=521  \\$aFor undergraduate, graduate, and professional students
=546  \\$aEnglish
=650  \0$aBiology
=856  40$uhttps://www.jove.com/video/53782
=945  \\$aThe Whole World

