=LDR  00845ngm a2200000i 4500
=001  JoVEMedicine54208
=008  161201s2016\\\\xx\\\\\g\\\\\\s\\\\\eng\d
=035  \\$a(OCoLC)733445860
=040  \\$aVaAlASP$cVaAlASP
=100  1\$aChooi,Kum Fai
=245  12$aThe Dimethylnitrosamine Induced Liver Fibrosis Model in the Rat$h[electronic resource]
=260  \\$aCambridge, MA$bMyJoVE Corp$c2016
=300  \\$aonline resource (567 seconds)
=490  0\$aMedicine
=500  \\$aTitle from resource description page
=520  \\$aWe describe a method to produce an animal model of liver fibrosis in the rat, and assess the degree of fibrosis by histological examination of the liver. The model can be used to study the development of liver disease as well as to test the efficacy of potential anti-fibrotic agents.
=521  \\$aFor undergraduate, graduate, and professional students
=546  \\$aEnglish
=650  \0$aMedicine
=856  40$uhttps://www.jove.com/video/54208
=945  \\$aThe Whole World

