=LDR  00949ngm a2200000i 4500
=001  JoVEBiology54153
=008  161201s2016\\\\xx\\\\\g\\\\\\s\\\\\eng\d
=035  \\$a(OCoLC)733445860
=040  \\$aVaAlASP$cVaAlASP
=100  1\$aRamsey,Kathryn  A.
=245  12$aMucin Agarose Gel Electrophoresis: Western Blotting for High-molecular-weight Glycoproteins$h[electronic resource]
=260  \\$aCambridge, MA$bMyJoVE Corp$c2016
=300  \\$aonline resource (564 seconds)
=490  0\$aBiology
=500  \\$aTitle from resource description page
=520  \\$aMucins are high-molecular-weight glycoconjugates, with size ranging from 0.2 to 200 megadalton (MDa). As a result of their size, mucins do not penetrate conventional polyacrylamide gels and require larger pores for separation. We provide a detailed protocol for mucin agarose gel electrophoresis to assess relative quantification and study polymer assembly. 
=521  \\$aFor undergraduate, graduate, and professional students
=546  \\$aEnglish
=650  \0$aBiology
=856  40$uhttps://www.jove.com/video/54153
=945  \\$aThe Whole World

