=LDR  00699ngm a2200000i 4500
=001  JoVEBiology54005
=008  161201s2016\\\\xx\\\\\g\\\\\\s\\\\\eng\d
=035  \\$a(OCoLC)733445860
=040  \\$aVaAlASP$cVaAlASP
=100  1\$aStephenson,Matthew  K.
=245  12$aScanning Electron Microscopy of Macerated Tissue to Visualize the Extracellular Matrix$h[electronic resource]
=260  \\$aCambridge, MA$bMyJoVE Corp$c2016
=300  \\$aonline resource (621 seconds)
=490  0\$aBiology
=500  \\$aTitle from resource description page
=520  \\$aShown here is a method for visualizing extracellular matrix ultrastructure in decellularized cardiac tissues.
=521  \\$aFor undergraduate, graduate, and professional students
=546  \\$aEnglish
=650  \0$aBiology
=856  40$uhttps://www.jove.com/video/54005
=945  \\$aThe Whole World

