=LDR  00945ngm a2200000i 4500
=001  JoVEMedicine54037
=008  161201s2016\\\\xx\\\\\g\\\\\\s\\\\\eng\d
=035  \\$a(OCoLC)733445860
=040  \\$aVaAlASP$cVaAlASP
=100  1\$aPiaseczny,Matthew  M.
=245  12$aGeneration of Organ-conditioned Media and Applications for Studying Organ-specific Influences on Breast Cancer Metastatic Behavior$h[electronic resource]
=260  \\$aCambridge, MA$bMyJoVE Corp$c2016
=300  \\$aonline resource (584 seconds)
=490  0\$aMedicine
=500  \\$aTitle from resource description page
=520  \\$aThis manuscript describes an ex vivo model system comprised of organ-conditioned media derived from the lymph node, bone, lung, and brain of mice. This model system can be used to identify and study organ-derived soluble factors and their effects on the organ tropism and metastatic behavior of cancer cells. 
=521  \\$aFor undergraduate, graduate, and professional students
=546  \\$aEnglish
=650  \0$aMedicine
=856  40$uhttps://www.jove.com/video/54037
=945  \\$aThe Whole World

