=LDR  00801ngm a2200000i 4500
=001  JoVEMedicine54036
=008  161201s2016\\\\xx\\\\\g\\\\\\s\\\\\eng\d
=035  \\$a(OCoLC)733445860
=040  \\$aVaAlASP$cVaAlASP
=100  1\$aLi,Ling
=245  12$aIsolation and Profiling of MicroRNA-containing Exosomes from Human Bile$h[electronic resource]
=260  \\$aCambridge, MA$bMyJoVE Corp$c2016
=300  \\$aonline resource (419 seconds)
=490  0\$aMedicine
=500  \\$aTitle from resource description page
=520  \\$aBile fluid is a valuable source of extracellular vesicles/exosomes that contain potentially important biomarkers. This protocol represents a robust method to isolate exosomes from human bile for further analyses including miRNA profiling.
=521  \\$aFor undergraduate, graduate, and professional students
=546  \\$aEnglish
=650  \0$aMedicine
=856  40$uhttps://www.jove.com/video/54036
=945  \\$aThe Whole World

