=LDR  00974ngm a2200000i 4500
=001  JoVEMedicine53206
=008  161201s2016\\\\xx\\\\\g\\\\\\s\\\\\eng\d
=035  \\$a(OCoLC)733445860
=040  \\$aVaAlASP$cVaAlASP
=100  1\$aMullin,Jeffrey P.
=245  12$aStereo-Electro-Encephalo-Graphy (SEEG) With Robotic Assistance in the Presurgical Evaluation of Medical Refractory Epilepsy: A Technical Note$h[electronic resource]
=260  \\$aCambridge, MA$bMyJoVE Corp$c2016
=300  \\$aonline resource (354 seconds)
=490  0\$aMedicine
=500  \\$aTitle from resource description page
=520  \\$aStereo-electroencephalography (SEEG) aids in localization of epileptogenic zones, however, remains relatively underutilized in the United States. The goal of this abstract is to provide a brief introduction to the technique of SEEG and further a detailed technique of using robotic assistance in the placement of SEEG electrodes.  
=521  \\$aFor undergraduate, graduate, and professional students
=546  \\$aEnglish
=650  \0$aMedicine
=856  40$uhttps://www.jove.com/video/53206
=945  \\$aThe Whole World

