=LDR  00781ngm a2200000i 4500
=001  JoVEMedicine54042
=008  161201s2016\\\\xx\\\\\g\\\\\\s\\\\\eng\d
=035  \\$a(OCoLC)733445860
=040  \\$aVaAlASP$cVaAlASP
=100  1\$aHarney,Allison S.
=245  12$aExtended Time-lapse Intravital Imaging of Real-time Multicellular Dynamics in the Tumor Microenvironment$h[electronic resource]
=260  \\$aCambridge, MA$bMyJoVE Corp$c2016
=300  \\$aonline resource (504 seconds)
=490  0\$aMedicine
=500  \\$aTitle from resource description page
=520  \\$aThis protocol describes the use of multiphoton microscopy to perform extended time-lapse imaging of multicellular interactions in real time, in vivo at single cell resolution.
=521  \\$aFor undergraduate, graduate, and professional students
=546  \\$aEnglish
=650  \0$aMedicine
=856  40$uhttps://www.jove.com/video/54042
=945  \\$aThe Whole World

