=LDR  00913ngm a2200000i 4500
=001  JoVEMedicine54026
=008  161201s2016\\\\xx\\\\\g\\\\\\s\\\\\eng\d
=035  \\$a(OCoLC)733445860
=040  \\$aVaAlASP$cVaAlASP
=100  1\$aGilbert,Ashley  N.
=245  12$aGeneration of Microtumors Using 3D Human Biogel Culture System and Patient-derived Glioblastoma Cells for Kinomic Profiling and Drug Response Testing$h[electronic resource]
=260  \\$aCambridge, MA$bMyJoVE Corp$c2016
=300  \\$aonline resource (564 seconds)
=490  0\$aMedicine
=500  \\$aTitle from resource description page
=520  \\$aPatient-derived xenografts of glioblastoma multiforme can be miniaturized into living microtumors using 3D human biogel culture system. This in vivo-like 3D tumor assay is suitable for drug response testing and molecular profiling, including kinomic analysis.  
=521  \\$aFor undergraduate, graduate, and professional students
=546  \\$aEnglish
=650  \0$aMedicine
=856  40$uhttps://www.jove.com/video/54026
=945  \\$aThe Whole World

