=LDR  00846ngm a2200000i 4500
=001  JoVEBiology54041
=008  161201s2016\\\\xx\\\\\g\\\\\\s\\\\\eng\d
=035  \\$a(OCoLC)733445860
=040  \\$aVaAlASP$cVaAlASP
=100  1\$aArevalo,Maria  T.
=245  12$aExpression and Purification of Virus-like Particles for Vaccination$h[electronic resource]
=260  \\$aCambridge, MA$bMyJoVE Corp$c2016
=300  \\$aonline resource (377 seconds)
=490  0\$aBiology
=500  \\$aTitle from resource description page
=520  \\$aHere, we present a protocol for synthesizing virus-like particles using either baculovirus or mammalian expression systems, and ultracentrifugation purification. This highly customizable approach is used to identify viral antigens as vaccine targets in a safe and flexible manner.
=521  \\$aFor undergraduate, graduate, and professional students
=546  \\$aEnglish
=650  \0$aBiology
=856  40$uhttps://www.jove.com/video/54041
=945  \\$aThe Whole World

