=LDR  00737ngm a2200000i 4500
=001  JoVEMedicine53879
=008  161201s2016\\\\xx\\\\\g\\\\\\s\\\\\eng\d
=035  \\$a(OCoLC)733445860
=040  \\$aVaAlASP$cVaAlASP
=100  1\$aHaino,Arisa
=245  12$aTRUE Gene Silencing: Screening of a Heptamer-type Small Guide RNA Library for Potential Cancer Therapeutic Agents$h[electronic resource]
=260  \\$aCambridge, MA$bMyJoVE Corp$c2016
=300  \\$aonline resource (558 seconds)
=490  0\$aMedicine
=500  \\$aTitle from resource description page
=520  \\$aHere we present a protocol for screening of a heptamer-type sgRNA library for potential therapeutic drugs against blood cancers.
=521  \\$aFor undergraduate, graduate, and professional students
=546  \\$aEnglish
=650  \0$aMedicine
=856  40$uhttps://www.jove.com/video/53879
=945  \\$aThe Whole World

