=LDR  00858ngm a2200000i 4500
=001  JoVEMedicine53281
=008  161201s2016\\\\xx\\\\\g\\\\\\s\\\\\eng\d
=035  \\$a(OCoLC)733445860
=040  \\$aVaAlASP$cVaAlASP
=100  1\$aSong,Hanlim
=245  12$aCircumscribed Capsular Infarct Modeling Using a Photothrombotic Technique$h[electronic resource]
=260  \\$aCambridge, MA$bMyJoVE Corp$c2016
=300  \\$aonline resource (505 seconds)
=490  0\$aMedicine
=500  \\$aTitle from resource description page
=520  \\$aThis manuscript describes a modeling technique of capsular infarct. Here we utilized a modified photothrombotic technique with low intensity of light after pre-surgery target mapping. Using this technique, we created a circumscribed capsular infarct model with persistent motor impairment.
=521  \\$aFor undergraduate, graduate, and professional students
=546  \\$aEnglish
=650  \0$aMedicine
=856  40$uhttps://www.jove.com/video/53281
=945  \\$aThe Whole World

