=LDR  00922ngm a2200000i 4500
=001  JoVEMedicine54017
=008  161201s2016\\\\xx\\\\\g\\\\\\s\\\\\eng\d
=035  \\$a(OCoLC)733445860
=040  \\$aVaAlASP$cVaAlASP
=100  1\$aO'Rourke,Caitlin
=245  12$aCalcification of Vascular Smooth Muscle Cells and Imaging of Aortic Calcification and Inflammation$h[electronic resource]
=260  \\$aCambridge, MA$bMyJoVE Corp$c2016
=300  \\$aonline resource (523 seconds)
=490  0\$aMedicine
=500  \\$aTitle from resource description page
=520  \\$aVascular calcification is an important predictor of and contributor to human cardiovascular disease. This protocol describes methods for inducing calcification of cultured primary vascular smooth muscle cells and for quantifying calcification and macrophage burden in animal aortas using near-infrared fluorescence imaging.
=521  \\$aFor undergraduate, graduate, and professional students
=546  \\$aEnglish
=650  \0$aMedicine
=856  40$uhttps://www.jove.com/video/54017
=945  \\$aThe Whole World

