=LDR  00813ngm a2200000i 4500
=001  JoVEBiology53983
=008  161201s2016\\\\xx\\\\\g\\\\\\s\\\\\eng\d
=035  \\$a(OCoLC)733445860
=040  \\$aVaAlASP$cVaAlASP
=100  1\$aHusarek,Kathryn  E.
=245  12$aIsolation of Murine Coronary Vascular Smooth Muscle Cells$h[electronic resource]
=260  \\$aCambridge, MA$bMyJoVE Corp$c2016
=300  \\$aonline resource (504 seconds)
=490  0\$aBiology
=500  \\$aTitle from resource description page
=520  \\$aThe purpose of this protocol is to demonstrate the isolation and culture techniques of murine primary vascular smooth muscle cells (VSMCs) from the coronary circulation. Once VSMCs have been isolated, they can be used for many standard culture techniques.
=521  \\$aFor undergraduate, graduate, and professional students
=546  \\$aEnglish
=650  \0$aBiology
=856  40$uhttps://www.jove.com/video/53983
=945  \\$aThe Whole World

