=LDR  00893ngm a2200000i 4500
=001  JoVEBiology54001
=008  161201s2016\\\\xx\\\\\g\\\\\\s\\\\\eng\d
=035  \\$a(OCoLC)733445860
=040  \\$aVaAlASP$cVaAlASP
=100  1\$aLea-Smith,David J.
=245  12$aGeneration of Marked and Markerless Mutants in Model Cyanobacterial Species$h[electronic resource]
=260  \\$aCambridge, MA$bMyJoVE Corp$c2016
=300  \\$aonline resource (705 seconds)
=490  0\$aBiology
=500  \\$aTitle from resource description page
=520  \\$aIntroducing multiple genomic alterations into cyanobacteria is an essential tool in the development of strains for industrial and basic research purposes. We describe a system for generating unmarked mutants in the model cyanobacterial species Synechocystis sp. PCC6803 and marked mutants in Synechococcus sp. PCC7002.
=521  \\$aFor undergraduate, graduate, and professional students
=546  \\$aEnglish
=650  \0$aBiology
=856  40$uhttps://www.jove.com/video/54001
=945  \\$aThe Whole World

