=LDR  00924ngm a2200000i 4500
=001  JoVEMedicine53900
=008  161201s2016\\\\xx\\\\\g\\\\\\s\\\\\eng\d
=035  \\$a(OCoLC)733445860
=040  \\$aVaAlASP$cVaAlASP
=100  1\$aGiallombardo,Marco
=245  12$aExosomal miRNA Analysis in Non-small Cell Lung Cancer (NSCLC) Patients' Plasma Through qPCR: A Feasible Liquid Biopsy Tool$h[electronic resource]
=260  \\$aCambridge, MA$bMyJoVE Corp$c2016
=300  \\$aonline resource (529 seconds)
=490  0\$aMedicine
=500  \\$aTitle from resource description page
=520  \\$aThis protocol describes the feasibility to perform miRNA profiling in exosomes, released in plasma of NSCLC patients, through a commercial exosome isolation kit with Proteinase K and RNAse treatments, in order to avoid circulating miRNAs contamination and evaluate their biomarker features in NSCLC.
=521  \\$aFor undergraduate, graduate, and professional students
=546  \\$aEnglish
=650  \0$aMedicine
=856  40$uhttps://www.jove.com/video/53900
=945  \\$aThe Whole World

