=LDR  00858ngm a2200000i 4500
=001  JoVEBiology53827
=008  161201s2016\\\\xx\\\\\g\\\\\\s\\\\\eng\d
=035  \\$a(OCoLC)733445860
=040  \\$aVaAlASP$cVaAlASP
=100  1\$aNatarajan,Karthika
=245  12$aMethods to Discover Alternative Promoter Usage and Transcriptional Regulation of Murine Bcrp1$h[electronic resource]
=260  \\$aCambridge, MA$bMyJoVE Corp$c2016
=300  \\$aonline resource (662 seconds)
=490  0\$aBiology
=500  \\$aTitle from resource description page
=520  \\$aWith the murine ABC transporter Bcrp1 (Abcg2) as an example, in-silico protocols are presented to detect alternative promoter usage in genes expressed in mouse tissues, and to evaluate the functionality of the alternative promoters identified using reporter assays.
=521  \\$aFor undergraduate, graduate, and professional students
=546  \\$aEnglish
=650  \0$aBiology
=856  40$uhttps://www.jove.com/video/53827
=945  \\$aThe Whole World

