=LDR  00859ngm a2200000i 4500
=001  JoVEMedicine54100
=008  161201s2016\\\\xx\\\\\g\\\\\\s\\\\\eng\d
=035  \\$a(OCoLC)733445860
=040  \\$aVaAlASP$cVaAlASP
=100  1\$aBlom,Jessica  N.
=245  12$aMyocardial Infarction in Neonatal Mice, A Model of Cardiac Regeneration$h[electronic resource]
=260  \\$aCambridge, MA$bMyJoVE Corp$c2016
=300  \\$aonline resource (468 seconds)
=490  0\$aMedicine
=500  \\$aTitle from resource description page
=520  \\$aThis protocol describes a highly reproducible model of cardiac regeneration by surgical induction of myocardial infarction in the left ventricle of postnatal day 1 mice. The method involves induction of hypothermic anesthesia and ligation of the left anterior descending coronary artery.
=521  \\$aFor undergraduate, graduate, and professional students
=546  \\$aEnglish
=650  \0$aMedicine
=856  40$uhttps://www.jove.com/video/54100
=945  \\$aThe Whole World

