=LDR  00864ngm a2200000i 4500
=001  JoVEMedicine54039
=008  161201s2016\\\\xx\\\\\g\\\\\\s\\\\\eng\d
=035  \\$a(OCoLC)733445860
=040  \\$aVaAlASP$cVaAlASP
=100  1\$aTimmons,Joshua J.
=245  12$aInjection of Syngeneic Murine Melanoma Cells to Determine Their Metastatic Potential in the Lungs$h[electronic resource]
=260  \\$aCambridge, MA$bMyJoVE Corp$c2016
=300  \\$aonline resource (451 seconds)
=490  0\$aMedicine
=500  \\$aTitle from resource description page
=520  \\$aMetastasis plays a profound role in the virulence of cancer, accounting for an estimated 90% of deaths.  We report a protocol for a metastatic melanoma model in mice that is useful for determining the efficacy of therapeutic agents against this clinical phenomenon.
=521  \\$aFor undergraduate, graduate, and professional students
=546  \\$aEnglish
=650  \0$aMedicine
=856  40$uhttps://www.jove.com/video/54039
=945  \\$aThe Whole World

