=LDR  00992ngm a2200000i 4500
=001  JoVEMedicine53776
=008  161201s2016\\\\xx\\\\\g\\\\\\s\\\\\eng\d
=035  \\$a(OCoLC)733445860
=040  \\$aVaAlASP$cVaAlASP
=100  1\$aMiskew Nichols,Bailey
=245  12$aMulti-exon Skipping Using Cocktail Antisense Oligonucleotides in the Canine X-linked Muscular Dystrophy$h[electronic resource]
=260  \\$aCambridge, MA$bMyJoVE Corp$c2016
=300  \\$aonline resource (630 seconds)
=490  0\$aMedicine
=500  \\$aTitle from resource description page
=520  \\$aExon skipping is currently a most promising therapeutic option for Duchenne muscular dystrophy (DMD). To expand the applicability for DMD patients and to optimize the stability/function of the resulting truncated dystrophin proteins, a multi-exon skipping approach using cocktail antisense oligonucleotides was developed and we demonstrated systemic dystrophin rescue in a dog model.
=521  \\$aFor undergraduate, graduate, and professional students
=546  \\$aEnglish
=650  \0$aMedicine
=856  40$uhttps://www.jove.com/video/53776
=945  \\$aThe Whole World

