=LDR  00964ngm a2200000i 4500
=001  JoVEMedicine53904
=008  161201s2016\\\\xx\\\\\g\\\\\\s\\\\\eng\d
=035  \\$a(OCoLC)733445860
=040  \\$aVaAlASP$cVaAlASP
=100  1\$aHegab,Ahmed E.
=245  12$aUsing Micro-computed Tomography for the Assessment of Tumor Development and Follow-up of Response to Treatment in a Mouse Model of Lung Cancer$h[electronic resource]
=260  \\$aCambridge, MA$bMyJoVE Corp$c2016
=300  \\$aonline resource (691 seconds)
=490  0\$aMedicine
=500  \\$aTitle from resource description page
=520  \\$aWe describe a method for the detection of tumor nodule development in the lungs of an adenocarcinoma mouse model using micro-computed tomography and its use for monitoring changes in nodule size over time and in response to treatment. The accuracy of the assessment was confirmed with end-point histological quantification.
=521  \\$aFor undergraduate, graduate, and professional students
=546  \\$aEnglish
=650  \0$aMedicine
=856  40$uhttps://www.jove.com/video/53904
=945  \\$aThe Whole World

