=LDR  00724ngm a2200000i 4500
=001  JoVEMedicine53450
=008  161201s2016\\\\xx\\\\\g\\\\\\s\\\\\eng\d
=035  \\$a(OCoLC)733445860
=040  \\$aVaAlASP$cVaAlASP
=100  1\$aNowell,Mark
=245  12$aA Pipeline for 3D Multimodality Image Integration and Computer-assisted Planning in Epilepsy Surgery$h[electronic resource]
=260  \\$aCambridge, MA$bMyJoVE Corp$c2016
=300  \\$aonline resource (581 seconds)
=490  0\$aMedicine
=500  \\$aTitle from resource description page
=520  \\$aWe describe the steps to use our custom designed software for image integration, visualization and planning in epilepsy surgery.
=521  \\$aFor undergraduate, graduate, and professional students
=546  \\$aEnglish
=650  \0$aMedicine
=856  40$uhttps://www.jove.com/video/53450
=945  \\$aThe Whole World

