=LDR  01009ngm a2200000i 4500
=001  JoVEBiology54014
=008  161201s2016\\\\xx\\\\\g\\\\\\s\\\\\eng\d
=035  \\$a(OCoLC)733445860
=040  \\$aVaAlASP$cVaAlASP
=100  1\$aXu,Sulei
=245  12$aDevelopment and Characterization of In Vitro Microvessel Network and Quantitative Measurements of Endothelial [Ca2+]i and Nitric Oxide Production$h[electronic resource]
=260  \\$aCambridge, MA$bMyJoVE Corp$c2016
=300  \\$aonline resource (579 seconds)
=490  0\$aBiology
=500  \\$aTitle from resource description page
=520  \\$aPrimary human umbilical vein endothelial cells (HUVECs) were grown to confluence within a microfluidic network device. The endothelial cell junction and F-actin distributions were illustrated and the changes in intracellular calcium concentration and nitric oxide production in response to adenosine triphosphate (ATP) were quantified in real-time at individual cell levels.
=521  \\$aFor undergraduate, graduate, and professional students
=546  \\$aEnglish
=650  \0$aBiology
=856  40$uhttps://www.jove.com/video/54014
=945  \\$aThe Whole World

