=LDR  01042ngm a2200000i 4500
=001  JoVEBiology54112
=008  161201s2016\\\\xx\\\\\g\\\\\\s\\\\\eng\d
=035  \\$a(OCoLC)733445860
=040  \\$aVaAlASP$cVaAlASP
=100  1\$aSidoli,Simone
=245  12$aComplete Workflow for Analysis of Histone Post-translational Modifications Using Bottom-up Mass Spectrometry: From Histone Extraction to Data Analysis$h[electronic resource]
=260  \\$aCambridge, MA$bMyJoVE Corp$c2016
=300  \\$aonline resource (662 seconds)
=490  0\$aBiology
=500  \\$aTitle from resource description page
=520  \\$aThis protocol outlines a fully integrated workflow for characterizing histone post-translational modifications using mass spectrometry (MS). The workflow includes histone purification from cell cultures or tissues, histone derivatization and digestion, MS analysis using nano-flow liquid chromatography and instructions for data analysis. The protocol is designed for completion within 2 - 3 days.
=521  \\$aFor undergraduate, graduate, and professional students
=546  \\$aEnglish
=650  \0$aBiology
=856  40$uhttps://www.jove.com/video/54112
=945  \\$aThe Whole World

