=LDR  00716ngm a2200000i 4500
=001  JoVEMedicine53991
=008  161201s2016\\\\xx\\\\\g\\\\\\s\\\\\eng\d
=035  \\$a(OCoLC)733445860
=040  \\$aVaAlASP$cVaAlASP
=100  1\$aAlam,Mohammad Afaque
=245  12$aLong-term Blood Pressure Measurement in Freely Moving Mice Using Telemetry$h[electronic resource]
=260  \\$aCambridge, MA$bMyJoVE Corp$c2016
=300  \\$aonline resource (474 seconds)
=490  0\$aMedicine
=500  \\$aTitle from resource description page
=520  \\$aThe goal of this protocol is to assess systemic blood pressure in conscious freely moving mice using implantable radio-telemetry devices.
=521  \\$aFor undergraduate, graduate, and professional students
=546  \\$aEnglish
=650  \0$aMedicine
=856  40$uhttps://www.jove.com/video/53991
=945  \\$aThe Whole World

