=LDR  00967ngm a2200000i 4500
=001  JoVEBiology53924
=008  161201s2016\\\\xx\\\\\g\\\\\\s\\\\\eng\d
=035  \\$a(OCoLC)733445860
=040  \\$aVaAlASP$cVaAlASP
=100  1\$aBoyarchuk,Ekaterina
=245  12$aIdentification of MyoD Interactome Using Tandem Affinity Purification Coupled to Mass Spectrometry$h[electronic resource]
=260  \\$aCambridge, MA$bMyJoVE Corp$c2016
=300  \\$aonline resource (887 seconds)
=490  0\$aBiology
=500  \\$aTitle from resource description page
=520  \\$aMyoD is a myogenic transcription factor with a strong capacity to induce myogenic transdifferentiation of many fully differentiated non-muscle cell lines. The epigenetic mechanisms involved in this transdifferentiation are largely unknown. Here we describe a double-affinity purification method followed by mass spectrometry to exhaustively characterize MyoD partners.
=521  \\$aFor undergraduate, graduate, and professional students
=546  \\$aEnglish
=650  \0$aBiology
=856  40$uhttps://www.jove.com/video/53924
=945  \\$aThe Whole World

