=LDR  00941ngm a2200000i 4500
=001  JoVEMedicine53913
=008  161201s2016\\\\xx\\\\\g\\\\\\s\\\\\eng\d
=035  \\$a(OCoLC)733445860
=040  \\$aVaAlASP$cVaAlASP
=100  1\$aFullerton,James N.
=245  12$aIntravenous Endotoxin Challenge in Healthy Humans: An Experimental Platform to Investigate and Modulate Systemic Inflammation$h[electronic resource]
=260  \\$aCambridge, MA$bMyJoVE Corp$c2016
=300  \\$aonline resource (468 seconds)
=490  0\$aMedicine
=500  \\$aTitle from resource description page
=520  \\$aIntravenous administration of endotoxin reliably elicits dose-dependent physiological and immunological alterations consistent with several pathological states. This reductionist approach permits the investigation, modeling and experimental modification of systemic inflammation and its downstream effects in man.
=521  \\$aFor undergraduate, graduate, and professional students
=546  \\$aEnglish
=650  \0$aMedicine
=856  40$uhttps://www.jove.com/video/53913
=945  \\$aThe Whole World

