=LDR  00906ngm a2200000i 4500
=001  JoVEMedicine53746
=008  161201s2016\\\\xx\\\\\g\\\\\\s\\\\\eng\d
=035  \\$a(OCoLC)733445860
=040  \\$aVaAlASP$cVaAlASP
=100  1\$aPitcher,Thomas
=245  12$aThe Monoiodoacetate Model of Osteoarthritis Pain in the Mouse$h[electronic resource]
=260  \\$aCambridge, MA$bMyJoVE Corp$c2016
=300  \\$aonline resource (566 seconds)
=490  0\$aMedicine
=500  \\$aTitle from resource description page
=520  \\$aOsteoarthritis (OA), or degenerative joint disease, is a debilitating condition associated with pain that remains only partially controlled by available analgesics. Animal models are being developed to improve our understanding of OA-related pain mechanisms. Here we describe the methodology for the monoiodoacetate model of OA pain in the mouse.
=521  \\$aFor undergraduate, graduate, and professional students
=546  \\$aEnglish
=650  \0$aMedicine
=856  40$uhttps://www.jove.com/video/53746
=945  \\$aThe Whole World

