=LDR  00819ngm a2200000i 4500
=001  JoVEMedicine53984
=008  161201s2016\\\\xx\\\\\g\\\\\\s\\\\\eng\d
=035  \\$a(OCoLC)733445860
=040  \\$aVaAlASP$cVaAlASP
=100  1\$aValkenburg,Kenneth  C.
=245  12$aMurine Prostate Micro-dissection and Surgical Castration$h[electronic resource]
=260  \\$aCambridge, MA$bMyJoVE Corp$c2016
=300  \\$aonline resource (529 seconds)
=490  0\$aMedicine
=500  \\$aTitle from resource description page
=520  \\$aThis manuscript describes the protocols for prostate micro-dissection and surgical castration in the laboratory mouse. We also depict representative results produced by these protocols. Finally, we discuss the advantages and utilization of these protocols.
=521  \\$aFor undergraduate, graduate, and professional students
=546  \\$aEnglish
=650  \0$aMedicine
=856  40$uhttps://www.jove.com/video/53984
=945  \\$aThe Whole World

