=LDR  00938ngm a2200000i 4500
=001  JoVEMedicine53958
=008  161201s2016\\\\xx\\\\\g\\\\\\s\\\\\eng\d
=035  \\$a(OCoLC)733445860
=040  \\$aVaAlASP$cVaAlASP
=100  1\$aGilormini,Marion
=245  12$aIsolation and Characterization of a Head and Neck Squamous Cell Carcinoma Subpopulation Having Stem Cell Characteristics$h[electronic resource]
=260  \\$aCambridge, MA$bMyJoVE Corp$c2016
=300  \\$aonline resource (688 seconds)
=490  0\$aMedicine
=500  \\$aTitle from resource description page
=520  \\$aUnderstanding the role of cancer stem-like cells in tumor recurrence and resistance to therapies has become a topic of great interest in the last decade. This article describes the isolation and characterization of the sub-population of cancer stem-like cells from head and neck squamous carcinoma cell lines (HNSCC).
=521  \\$aFor undergraduate, graduate, and professional students
=546  \\$aEnglish
=650  \0$aMedicine
=856  40$uhttps://www.jove.com/video/53958
=945  \\$aThe Whole World

