=LDR  00916ngm a2200000i 4500
=001  JoVEMedicine53881
=008  161201s2016\\\\xx\\\\\g\\\\\\s\\\\\eng\d
=035  \\$a(OCoLC)733445860
=040  \\$aVaAlASP$cVaAlASP
=100  1\$aGubernatorova,Ekaterina  O.
=245  12$aMurine Model of Intestinal Ischemia-reperfusion Injury$h[electronic resource]
=260  \\$aCambridge, MA$bMyJoVE Corp$c2016
=300  \\$aonline resource (427 seconds)
=490  0\$aMedicine
=500  \\$aTitle from resource description page
=520  \\$aHere we describe the detailed procedure of intestinal ischemia-reperfusion in mice which results in reproducible injury without mortality to encourage the standardization of this technique across the field. This model of intestinal ischemia-reperfusion injury can be utilized to study the cellular and molecular mechanisms of injury and regeneration.
=521  \\$aFor undergraduate, graduate, and professional students
=546  \\$aEnglish
=650  \0$aMedicine
=856  40$uhttps://www.jove.com/video/53881
=945  \\$aThe Whole World

