=LDR  00944ngm a2200000i 4500
=001  JoVEBiology53916
=008  161201s2016\\\\xx\\\\\g\\\\\\s\\\\\eng\d
=035  \\$a(OCoLC)733445860
=040  \\$aVaAlASP$cVaAlASP
=100  1\$aFlorez Rueda,Ana Marcela
=245  12$aLaser-assisted Microdissection (LAM) as a Tool for Transcriptional Profiling of Individual Cell Types$h[electronic resource]
=260  \\$aCambridge, MA$bMyJoVE Corp$c2016
=300  \\$aonline resource (571 seconds)
=490  0\$aBiology
=500  \\$aTitle from resource description page
=520  \\$aHere we present a protocol for laser-assisted microdissection of specific plant cell types for transcriptional profiling. While the protocol is suitable for different species and cell types, the focus is on highly inaccessible cells of the female germline important for sexual and apomictic reproduction in the crucifer genus Boechera.  
=521  \\$aFor undergraduate, graduate, and professional students
=546  \\$aEnglish
=650  \0$aBiology
=856  40$uhttps://www.jove.com/video/53916
=945  \\$aThe Whole World

