=LDR  00947ngm a2200000i 4500
=001  JoVEBiology53707
=008  161201s2016\\\\xx\\\\\g\\\\\\s\\\\\eng\d
=035  \\$a(OCoLC)733445860
=040  \\$aVaAlASP$cVaAlASP
=100  1\$aFridman,Yulia
=245  12$aHigh Resolution Quantification of Crystalline Cellulose Accumulation in Arabidopsis Roots to Monitor Tissue-specific Cell Wall Modifications$h[electronic resource]
=260  \\$aCambridge, MA$bMyJoVE Corp$c2016
=300  \\$aonline resource (567 seconds)
=490  0\$aBiology
=500  \\$aTitle from resource description page
=520  \\$aCrystalline cellulose is an important constituent of the plant cell wall. However, its quantification at a cellular resolution is technically challenging.  Here, we report the use of polarized light technology and root cross sections to obtain information of cell wall composition at a spatiotemporal resolution.
=521  \\$aFor undergraduate, graduate, and professional students
=546  \\$aEnglish
=650  \0$aBiology
=856  40$uhttps://www.jove.com/video/53707
=945  \\$aThe Whole World

