=LDR  00895ngm a2200000i 4500
=001  JoVEBiology54056
=008  161201s2016\\\\xx\\\\\g\\\\\\s\\\\\eng\d
=035  \\$a(OCoLC)733445860
=040  \\$aVaAlASP$cVaAlASP
=100  1\$aEllis,Nicholas  A.
=245  12$aDissection and Flat-mounting of the Threespine Stickleback Branchial Skeleton$h[electronic resource]
=260  \\$aCambridge, MA$bMyJoVE Corp$c2016
=300  \\$aonline resource (482 seconds)
=490  0\$aBiology
=500  \\$aTitle from resource description page
=520  \\$aThe branchial skeleton, including gill rakers, pharyngeal teeth, and branchial bones, serves as the primary site of food processing in most fish. Here we describe a protocol to dissect and flat-mount this internal skeleton in threespine sticklebacks. This method is also applicable to a variety of other fish species. 
=521  \\$aFor undergraduate, graduate, and professional students
=546  \\$aEnglish
=650  \0$aBiology
=856  40$uhttps://www.jove.com/video/54056
=945  \\$aThe Whole World

