=LDR  00949ngm a2200000i 4500
=001  JoVEMedicine54061
=008  161201s2016\\\\xx\\\\\g\\\\\\s\\\\\eng\d
=035  \\$a(OCoLC)733445860
=040  \\$aVaAlASP$cVaAlASP
=100  1\$aDinner,Stefanie
=245  12$aA Choroid Plexus Epithelial Cell-based Model of the Human Blood-Cerebrospinal Fluid Barrier to Study Bacterial Infection from the Basolateral Side$h[electronic resource]
=260  \\$aCambridge, MA$bMyJoVE Corp$c2016
=300  \\$aonline resource (598 seconds)
=490  0\$aMedicine
=500  \\$aTitle from resource description page
=520  \\$aThe epithelial cells of the choroid plexus (CP) form the blood-cerebrospinal fluid barrier (BCSFB). An in vitro model of the BCSFB employs human choroid plexus papilloma (HIBCPP) cells. This article describes culturing and basolateral infection of HIBCPP cells using a cell culture filter insert system.
=521  \\$aFor undergraduate, graduate, and professional students
=546  \\$aEnglish
=650  \0$aMedicine
=856  40$uhttps://www.jove.com/video/54061
=945  \\$aThe Whole World

