=LDR  00815ngm a2200000i 4500
=001  JoVEMedicine53920
=008  161201s2016\\\\xx\\\\\g\\\\\\s\\\\\eng\d
=035  \\$a(OCoLC)733445860
=040  \\$aVaAlASP$cVaAlASP
=100  1\$aSchlereth,Simona L.
=245  12$aUsing a Laminating Technique to Perform Confocal Microscopy of the Human Sclera$h[electronic resource]
=260  \\$aCambridge, MA$bMyJoVE Corp$c2016
=300  \\$aonline resource (442 seconds)
=490  0\$aMedicine
=500  \\$aTitle from resource description page
=520  \\$aHuman sclera tissue is mainly collagen; therefore, it is not easily usable for immunohistochemistry. To achieve the goal of performing immunohistochemistry for confocal microscopy of scleral tissue, a laminating technique was used. 
=521  \\$aFor undergraduate, graduate, and professional students
=546  \\$aEnglish
=650  \0$aMedicine
=856  40$uhttps://www.jove.com/video/53920
=945  \\$aThe Whole World

