=LDR  00920ngm a2200000i 4500
=001  JoVEBiology53833
=008  161201s2016\\\\xx\\\\\g\\\\\\s\\\\\eng\d
=035  \\$a(OCoLC)733445860
=040  \\$aVaAlASP$cVaAlASP
=100  1\$aDing,Wei
=245  12$aIn Vivo Alkaline Comet Assay and Enzyme-modified Alkaline Comet Assay for Measuring DNA Strand Breaks and Oxidative DNA Damage in Rat Liver$h[electronic resource]
=260  \\$aCambridge, MA$bMyJoVE Corp$c2016
=300  \\$aonline resource (638 seconds)
=490  0\$aBiology
=500  \\$aTitle from resource description page
=520  \\$aThe alkaline comet assay measures DNA strand breaks in eukaryotic cells. By adding an Endonuclease III or human 8-oxoguanine-DNA-N-glycosylase digestion step, the assay can efficiently detect oxidative DNA damage. We describe methods for using these assays to detect DNA damage in rat liver.
=521  \\$aFor undergraduate, graduate, and professional students
=546  \\$aEnglish
=650  \0$aBiology
=856  40$uhttps://www.jove.com/video/53833
=945  \\$aThe Whole World

