=LDR  00944ngm a2200000i 4500
=001  JoVEBiology53657
=008  161201s2016\\\\xx\\\\\g\\\\\\s\\\\\eng\d
=035  \\$a(OCoLC)733445860
=040  \\$aVaAlASP$cVaAlASP
=100  1\$aDi Sante,Gabriele
=245  12$aTime-Lapse Video Microscopy for Assessment of EYFP-Parkin Aggregation as a Marker for Cellular Mitophagy$h[electronic resource]
=260  \\$aCambridge, MA$bMyJoVE Corp$c2016
=300  \\$aonline resource (569 seconds)
=490  0\$aBiology
=500  \\$aTitle from resource description page
=520  \\$aHerein, we describe in detail a time-lapse video microscopy approach to measuring the temporal recruitment of EYFP-Parkin during the selective removal of damaged mitochondria. This dynamic process of EYFP-Parkin-dependent removal of damaged mitochondria can be used as an indicator of cellular health under different experimental conditions.
=521  \\$aFor undergraduate, graduate, and professional students
=546  \\$aEnglish
=650  \0$aBiology
=856  40$uhttps://www.jove.com/video/53657
=945  \\$aThe Whole World

