=LDR  00904ngm a2200000i 4500
=001  JoVEBiology53843
=008  161201s2016\\\\xx\\\\\g\\\\\\s\\\\\eng\d
=035  \\$a(OCoLC)733445860
=040  \\$aVaAlASP$cVaAlASP
=100  1\$aJacobs,Thomas  B.
=245  12$aHigh-throughput CRISPR Vector Construction and Characterization of DNA Modifications by Generation of Tomato Hairy Roots$h[electronic resource]
=260  \\$aCambridge, MA$bMyJoVE Corp$c2016
=300  \\$aonline resource (779 seconds)
=490  0\$aBiology
=500  \\$aTitle from resource description page
=520  \\$aUsing DNA assembly, multiple CRISPR vectors can be constructed in parallel in a single cloning reaction, making the construction of large numbers of CRISPR vectors a simple task. Tomato hairy roots are an excellent model system to validate CRISPR vectors and generate mutant materials.
=521  \\$aFor undergraduate, graduate, and professional students
=546  \\$aEnglish
=650  \0$aBiology
=856  40$uhttps://www.jove.com/video/53843
=945  \\$aThe Whole World

