=LDR  00959ngm a2200000i 4500
=001  JoVEMedicine54011
=008  161201s2016\\\\xx\\\\\g\\\\\\s\\\\\eng\d
=035  \\$a(OCoLC)733445860
=040  \\$aVaAlASP$cVaAlASP
=100  1\$aRodriguez-Miguelez,Paula
=245  12$aUltrasound Assessment of Endothelial Function: A Technical Guideline of the Flow-mediated Dilation Test$h[electronic resource]
=260  \\$aCambridge, MA$bMyJoVE Corp$c2016
=300  \\$aonline resource (395 seconds)
=490  0\$aMedicine
=500  \\$aTitle from resource description page
=520  \\$aThe flow mediated dilation (FMD) test is the most commonly utilized, non-invasive, ultrasound assessment of endothelial function in humans. Although the FMD test has been related with the prediction of future cardiovascular disease and events, it is a physiological assessment with many inherent confounding factors that need to be considered.    
=521  \\$aFor undergraduate, graduate, and professional students
=546  \\$aEnglish
=650  \0$aMedicine
=856  40$uhttps://www.jove.com/video/54011
=945  \\$aThe Whole World

