=LDR  00891ngm a2200000i 4500
=001  JoVEBiology53479
=008  161201s2016\\\\xx\\\\\g\\\\\\s\\\\\eng\d
=035  \\$a(OCoLC)733445860
=040  \\$aVaAlASP$cVaAlASP
=100  1\$aYarnell,Kelly
=245  12$aFecal Glucocorticoid Analysis: Non-invasive Adrenal Monitoring in Equids$h[electronic resource]
=260  \\$aCambridge, MA$bMyJoVE Corp$c2016
=300  \\$aonline resource (482 seconds)
=490  0\$aBiology
=500  \\$aTitle from resource description page
=520  \\$aAdrenal activity can be assessed in the equine species by analysis of feces for corticosterone metabolites. The method offers a non-invasive option to assess long term patterns in both domestic and free ranging horses. This protocol describes the enzyme linked immunoassay involved and the associated biochemical validation.
=521  \\$aFor undergraduate, graduate, and professional students
=546  \\$aEnglish
=650  \0$aBiology
=856  40$uhttps://www.jove.com/video/53479
=945  \\$aThe Whole World

