=LDR  00967ngm a2200000i 4500
=001  JoVEMedicine53785
=008  161201s2016\\\\xx\\\\\g\\\\\\s\\\\\eng\d
=035  \\$a(OCoLC)733445860
=040  \\$aVaAlASP$cVaAlASP
=100  1\$aNair,Renjith  Parameswaran
=245  12$aRetroductal Submandibular Gland Instillation and Localized Fractionated Irradiation in a Rat Model of Salivary Hypofunction$h[electronic resource]
=260  \\$aCambridge, MA$bMyJoVE Corp$c2016
=300  \\$aonline resource (464 seconds)
=490  0\$aMedicine
=500  \\$aTitle from resource description page
=520  \\$aSalivary gland hypofunction, a major adverse effect of head and neck radiotherapy diminishes a patient's quality of life. The demonstration of efficacy of new therapies in animal models is a prerequisite before clinical transition. This protocol describes retroductal administration and local irradiation of rat submandibular glands.
=521  \\$aFor undergraduate, graduate, and professional students
=546  \\$aEnglish
=650  \0$aMedicine
=856  40$uhttps://www.jove.com/video/53785
=945  \\$aThe Whole World

