=LDR  00731ngm a2200000i 4500
=001  JoVEBiology53753
=008  161201s2016\\\\xx\\\\\g\\\\\\s\\\\\eng\d
=035  \\$a(OCoLC)733445860
=040  \\$aVaAlASP$cVaAlASP
=100  1\$aBojang,Pasano
=245  12$aAnalysis of LINE-1 Retrotransposition at the Single Nucleus Level$h[electronic resource]
=260  \\$aCambridge, MA$bMyJoVE Corp$c2016
=300  \\$aonline resource (712 seconds)
=490  0\$aBiology
=500  \\$aTitle from resource description page
=520  \\$aHere we employ FISH methodology to track LINE-1 retrotransposition at the single nuclei level in chromosome spreads of HepG2 cell lines stably expressing synthetic LINE-1.
=521  \\$aFor undergraduate, graduate, and professional students
=546  \\$aEnglish
=650  \0$aBiology
=856  40$uhttps://www.jove.com/video/53753
=945  \\$aThe Whole World

