=LDR  00918ngm a2200000i 4500
=001  JoVEBiology53845
=008  161201s2016\\\\xx\\\\\g\\\\\\s\\\\\eng\d
=035  \\$a(OCoLC)733445860
=040  \\$aVaAlASP$cVaAlASP
=100  1\$aLeuthold,Mila  M.
=245  12$aProduction of Human Norovirus Protruding Domains in E. coli for X-ray Crystallography$h[electronic resource]
=260  \\$aCambridge, MA$bMyJoVE Corp$c2016
=300  \\$aonline resource (646 seconds)
=490  0\$aBiology
=500  \\$aTitle from resource description page
=520  \\$aHere, we describe a method to express and purify high quality norovirus protruding (P) domains in E. coli for use in X-ray crystallography studies. This method can be applied to other calicivirus P domains, as well as non-structural proteins, i.e., viral protein genome-linked (VPg), protease, and RNA dependent RNA polymerase (RdRp).
=521  \\$aFor undergraduate, graduate, and professional students
=546  \\$aEnglish
=650  \0$aBiology
=856  40$uhttps://www.jove.com/video/53845
=945  \\$aThe Whole World

