=LDR  00858ngm a2200000i 4500
=001  JoVEBiology53975
=008  161201s2016\\\\xx\\\\\g\\\\\\s\\\\\eng\d
=035  \\$a(OCoLC)733445860
=040  \\$aVaAlASP$cVaAlASP
=100  1\$aBuchanan,Bryce  W.
=245  12$aCycloheximide Chase Analysis of Protein Degradation in Saccharomyces cerevisiae$h[electronic resource]
=260  \\$aCambridge, MA$bMyJoVE Corp$c2016
=300  \\$aonline resource (545 seconds)
=490  0\$aBiology
=500  \\$aTitle from resource description page
=520  \\$aProtein abundance reflects the rates of both protein synthesis and protein degradation. This article describes the use of cycloheximide chase followed by western blotting to analyze protein degradation in the model unicellular eukaryote, Saccharomyces cerevisiae (budding yeast).
=521  \\$aFor undergraduate, graduate, and professional students
=546  \\$aEnglish
=650  \0$aBiology
=856  40$uhttps://www.jove.com/video/53975
=945  \\$aThe Whole World

