=LDR  00967ngm a2200000i 4500
=001  JoVEBiology53513
=008  161201s2016\\\\xx\\\\\g\\\\\\s\\\\\eng\d
=035  \\$a(OCoLC)733445860
=040  \\$aVaAlASP$cVaAlASP
=100  1\$aKumar,Ritesh
=245  12$aA Strategy to Validate the Role of Callose-mediated Plasmodesmal Gating in the Tropic Response$h[electronic resource]
=260  \\$aCambridge, MA$bMyJoVE Corp$c2016
=300  \\$aonline resource (738 seconds)
=490  0\$aBiology
=500  \\$aTitle from resource description page
=520  \\$aThis article describes the methods for screening the genes controlling plasmodesmal permeability and hence auxin gradient during tropic response. This includes the measurement of the degree of tropic response in hypocotyl of Arabidopsis thaliana and checking plasmodesmal permeability by 8-hydroxypyrene-1,3,6-trisulfonic acid (HPTS) loading and finally callose level assessment.
=521  \\$aFor undergraduate, graduate, and professional students
=546  \\$aEnglish
=650  \0$aBiology
=856  40$uhttps://www.jove.com/video/53513
=945  \\$aThe Whole World

