=LDR  00838ngm a2200000i 4500
=001  JoVEMedicine53757
=008  161201s2016\\\\xx\\\\\g\\\\\\s\\\\\eng\d
=035  \\$a(OCoLC)733445860
=040  \\$aVaAlASP$cVaAlASP
=100  1\$aAltomonte,Jennifer
=245  12$aTransarterial Administration of Oncolytic Viruses for Locoregional Therapy of Orthotopic HCC in Rats$h[electronic resource]
=260  \\$aCambridge, MA$bMyJoVE Corp$c2016
=300  \\$aonline resource (535 seconds)
=490  0\$aMedicine
=500  \\$aTitle from resource description page
=520  \\$aOncolytic virotherapies are under development as novel therapeutics for the treatment of hepatocellular carcinoma (HCC).  Here we describe a method for locoregional therapy of HCC via hepatic arterial administration of oncolytic virus.
=521  \\$aFor undergraduate, graduate, and professional students
=546  \\$aEnglish
=650  \0$aMedicine
=856  40$uhttps://www.jove.com/video/53757
=945  \\$aThe Whole World

