=LDR  00924ngm a2200000i 4500
=001  JoVEBiology53939
=008  161201s2016\\\\xx\\\\\g\\\\\\s\\\\\eng\d
=035  \\$a(OCoLC)733445860
=040  \\$aVaAlASP$cVaAlASP
=100  1\$aAnahtar,Melis  N.
=245  12$aEfficient Nucleic Acid Extraction and 16S rRNA Gene Sequencing for Bacterial Community Characterization$h[electronic resource]
=260  \\$aCambridge, MA$bMyJoVE Corp$c2016
=300  \\$aonline resource (757 seconds)
=490  0\$aBiology
=500  \\$aTitle from resource description page
=520  \\$aWe describe an efficient, robust, and cost effective method for extracting nucleic acid from swabs for characterization of bacterial communities using 16S rRNA gene amplicon sequencing. The method allows for a common processing approach for multiple sample types and accommodates a number of downstream analytic processes.
=521  \\$aFor undergraduate, graduate, and professional students
=546  \\$aEnglish
=650  \0$aBiology
=856  40$uhttps://www.jove.com/video/53939
=945  \\$aThe Whole World

