=LDR  00938ngm a2200000i 4500
=001  JoVEMedicine53335
=008  161201s2016\\\\xx\\\\\g\\\\\\s\\\\\eng\d
=035  \\$a(OCoLC)733445860
=040  \\$aVaAlASP$cVaAlASP
=100  1\$aMa,Zhiyuan
=245  12$aHemodynamic Characterization of Rodent Models of Pulmonary Arterial Hypertension$h[electronic resource]
=260  \\$aCambridge, MA$bMyJoVE Corp$c2016
=300  \\$aonline resource (580 seconds)
=490  0\$aMedicine
=500  \\$aTitle from resource description page
=520  \\$aPulmonary arterial hypertension (PAH) is a disease of pulmonary arterioles that leads to their obliteration and the development of right ventricular failure. Rodent models of PAH are critical in understanding the pathophysiology of PAH. Here we demonstrate hemodynamic characterization, with right heart catheterization and echocardiography, in the mouse and rat.
=521  \\$aFor undergraduate, graduate, and professional students
=546  \\$aEnglish
=650  \0$aMedicine
=856  40$uhttps://www.jove.com/video/53335
=945  \\$aThe Whole World

