=LDR  01010ngm a2200000i 4500
=001  JoVEBiology53249
=008  161201s2016\\\\xx\\\\\g\\\\\\s\\\\\eng\d
=035  \\$a(OCoLC)733445860
=040  \\$aVaAlASP$cVaAlASP
=100  1\$aRühmann,Broder
=245  12$aAutomated Modular High Throughput Exopolysaccharide Screening Platform Coupled with Highly Sensitive Carbohydrate Fingerprint Analysis$h[electronic resource]
=260  \\$aCambridge, MA$bMyJoVE Corp$c2016
=300  \\$aonline resource (722 seconds)
=490  0\$aBiology
=500  \\$aTitle from resource description page
=520  \\$aWe present an automated modular high-throughput-method for the identification and characterization of microbial exopolysaccharides in small scale. This method combines a fast preselection to analyze the total amount of secreted polysaccharides with a detailed carbohydrate fingerprint to enable the fast screening of newly isolated bacterial strains or entire strain collections.
=521  \\$aFor undergraduate, graduate, and professional students
=546  \\$aEnglish
=650  \0$aBiology
=856  40$uhttps://www.jove.com/video/53249
=945  \\$aThe Whole World

