=LDR  00851ngm a2200000i 4500
=001  JoVEMedicine53946
=008  161201s2016\\\\xx\\\\\g\\\\\\s\\\\\eng\d
=035  \\$a(OCoLC)733445860
=040  \\$aVaAlASP$cVaAlASP
=100  1\$aBrandt,Hannes  H.
=245  12$aThe Influence of Liver Resection on Intrahepatic Tumor Growth$h[electronic resource]
=260  \\$aCambridge, MA$bMyJoVE Corp$c2016
=300  \\$aonline resource (475 seconds)
=490  0\$aMedicine
=500  \\$aTitle from resource description page
=520  \\$aA high incidence of tumor recurrence after resection of liver metastases remains an unsolved problem. The illustrated mouse model may be useful to investigate the reasons for such recurrences. It combines a liver resection model with intrahepatic tumor cell injection for the first time. 
=521  \\$aFor undergraduate, graduate, and professional students
=546  \\$aEnglish
=650  \0$aMedicine
=856  40$uhttps://www.jove.com/video/53946
=945  \\$aThe Whole World

