=LDR  00849ngm a2200000i 4500
=001  JoVEBiology53940
=008  161201s2016\\\\xx\\\\\g\\\\\\s\\\\\eng\d
=035  \\$a(OCoLC)733445860
=040  \\$aVaAlASP$cVaAlASP
=100  1\$aBuyel,Johannes  F.
=245  12$aProcedure to Evaluate the Efficiency of Flocculants for the Removal of Dispersed Particles from Plant Extracts$h[electronic resource]
=260  \\$aCambridge, MA$bMyJoVE Corp$c2016
=300  \\$aonline resource (637 seconds)
=490  0\$aBiology
=500  \\$aTitle from resource description page
=520  \\$aThe design-of-experiments procedure presented here allows the evaluation of different flocculants in terms of their ability to aggregate dispersed particles in plant extracts, thus reducing turbidity and the costs of downstream processing.
=521  \\$aFor undergraduate, graduate, and professional students
=546  \\$aEnglish
=650  \0$aBiology
=856  40$uhttps://www.jove.com/video/53940
=945  \\$aThe Whole World

