=LDR  00852ngm a2200000i 4500
=001  JoVEMedicine53201
=008  161201s2016\\\\xx\\\\\g\\\\\\s\\\\\eng\d
=035  \\$a(OCoLC)733445860
=040  \\$aVaAlASP$cVaAlASP
=100  1\$aDotan,Assaf
=245  12$aScleral Cross-linking Using Riboflavin and Ultraviolet-A Radiation for Prevention of Axial Myopia in a Rabbit Model$h[electronic resource]
=260  \\$aCambridge, MA$bMyJoVE Corp$c2016
=300  \\$aonline resource (356 seconds)
=490  0\$aMedicine
=500  \\$aTitle from resource description page
=520  \\$aWe demonstrate the effect of scleral crosslinking with riboflavin and UVA on an axial elongation rabbit eye. Axial elongation was induced in 13 day-old New Zealand rabbits (male and female) by suturing their right eye eyelids (tarsorrhaphy).
=521  \\$aFor undergraduate, graduate, and professional students
=546  \\$aEnglish
=650  \0$aMedicine
=856  40$uhttps://www.jove.com/video/53201
=945  \\$aThe Whole World

