=LDR  00729ngm a2200000i 4500
=001  JoVEBiology53761
=008  161201s2016\\\\xx\\\\\g\\\\\\s\\\\\eng\d
=035  \\$a(OCoLC)733445860
=040  \\$aVaAlASP$cVaAlASP
=100  1\$aViña-Gonzalez,Javier
=245  12$aDirected Evolution Method in Saccharomyces cerevisiae: Mutant Library Creation and Screening$h[electronic resource]
=260  \\$aCambridge, MA$bMyJoVE Corp$c2016
=300  \\$aonline resource (650 seconds)
=490  0\$aBiology
=500  \\$aTitle from resource description page
=520  \\$aWe present a detailed protocol to construct and screen mutant libraries for directed evolution campaigns in Saccharomyces cerevisiae. 
=521  \\$aFor undergraduate, graduate, and professional students
=546  \\$aEnglish
=650  \0$aBiology
=856  40$uhttps://www.jove.com/video/53761
=945  \\$aThe Whole World

