=LDR  00894ngm a2200000i 4500
=001  JoVEBiology53069
=008  161201s2016\\\\xx\\\\\g\\\\\\s\\\\\eng\d
=035  \\$a(OCoLC)733445860
=040  \\$aVaAlASP$cVaAlASP
=100  1\$aKegel,Victoria
=245  12$aProtocol for Isolation of Primary Human Hepatocytes and Corresponding Major Populations of Non-parenchymal Liver Cells$h[electronic resource]
=260  \\$aCambridge, MA$bMyJoVE Corp$c2016
=300  \\$aonline resource (527 seconds)
=490  0\$aBiology
=500  \\$aTitle from resource description page
=520  \\$aA technique to isolate human hepatocytes and non-parenchymal liver cells from the same donor is described. The different liver cell types build the basis for functional liver models and tissue engineering. This new method aims to isolate liver cells in a high yield and viability.
=521  \\$aFor undergraduate, graduate, and professional students
=546  \\$aEnglish
=650  \0$aBiology
=856  40$uhttps://www.jove.com/video/53069
=945  \\$aThe Whole World

