=LDR  00811ngm a2200000i 4500
=001  JoVEMedicine53498
=008  161201s2016\\\\xx\\\\\g\\\\\\s\\\\\eng\d
=035  \\$a(OCoLC)733445860
=040  \\$aVaAlASP$cVaAlASP
=100  1\$aZüchner,Mark
=245  12$aA Neonatal Mouse Spinal Cord Compression Injury Model$h[electronic resource]
=260  \\$aCambridge, MA$bMyJoVE Corp$c2016
=300  \\$aonline resource (811 seconds)
=490  0\$aMedicine
=500  \\$aTitle from resource description page
=520  \\$aThis article describes a method for generating a reproducible spinal cord compression injury (SCI) in the neonatal mouse. The model provides an advantageous platform for studying mechanisms of adaptive plasticity that underlie spontaneous functional recovery. 
=521  \\$aFor undergraduate, graduate, and professional students
=546  \\$aEnglish
=650  \0$aMedicine
=856  40$uhttps://www.jove.com/video/53498
=945  \\$aThe Whole World

