=LDR  00882ngm a2200000i 4500
=001  JoVEMedicine53767
=008  161201s2016\\\\xx\\\\\g\\\\\\s\\\\\eng\d
=035  \\$a(OCoLC)733445860
=040  \\$aVaAlASP$cVaAlASP
=100  1\$aHerrera Pérez,Zeneida
=245  12$aTranscutaneous Assessment of Renal Function in Conscious Rodents$h[electronic resource]
=260  \\$aCambridge, MA$bMyJoVE Corp$c2016
=300  \\$aonline resource (438 seconds)
=490  0\$aMedicine
=500  \\$aTitle from resource description page
=520  \\$aDetermination of glomerular filtration rate (GFR) is the gold standard to assess overall kidney function. However, traditional procedures to measure this parameter are cumbersome and require a large investment of time. Here we describe a faster and minimally invasive method to determinate GFR transcutaneously.
=521  \\$aFor undergraduate, graduate, and professional students
=546  \\$aEnglish
=650  \0$aMedicine
=856  40$uhttps://www.jove.com/video/53767
=945  \\$aThe Whole World

