=LDR  00957ngm a2200000i 4500
=001  JoVEMedicine53770
=008  161201s2016\\\\xx\\\\\g\\\\\\s\\\\\eng\d
=035  \\$a(OCoLC)733445860
=040  \\$aVaAlASP$cVaAlASP
=100  1\$aHuynh,Nhat
=245  12$aUtilizing an Orally Dissolving Strip for Pharmacological and Toxicological Studies: A Simple and Humane Alternative to Oral Gavage for Animals$h[electronic resource]
=260  \\$aCambridge, MA$bMyJoVE Corp$c2016
=300  \\$aonline resource (268 seconds)
=490  0\$aMedicine
=500  \\$aTitle from resource description page
=520  \\$aThe following protocol describes a novel method for chronic oral drug administration using an orally dissolving strip (ODS) in lieu of the more commonly used oral gavage method. We demonstrate that preclinical, oral drug delivery using the ODS method represents a safe, convenient, and humane alternative to oral gavage.
=521  \\$aFor undergraduate, graduate, and professional students
=546  \\$aEnglish
=650  \0$aMedicine
=856  40$uhttps://www.jove.com/video/53770
=945  \\$aThe Whole World

