=LDR  00687ngm a2200000i 4500
=001  JoVEMedicine53752
=008  161201s2016\\\\xx\\\\\g\\\\\\s\\\\\eng\d
=035  \\$a(OCoLC)733445860
=040  \\$aVaAlASP$cVaAlASP
=100  1\$aKluwe,Lan
=245  12$aAssessing Specificity of Anticancer Drugs In Vitro$h[electronic resource]
=260  \\$aCambridge, MA$bMyJoVE Corp$c2016
=300  \\$aonline resource (579 seconds)
=490  0\$aMedicine
=500  \\$aTitle from resource description page
=520  \\$aThe goal of this protocol is to assess specificity of anticancer drugs in vitro using mixed cultures containing both tumor and non-tumor cells.
=521  \\$aFor undergraduate, graduate, and professional students
=546  \\$aEnglish
=650  \0$aMedicine
=856  40$uhttps://www.jove.com/video/53752
=945  \\$aThe Whole World

