=LDR  00895ngm a2200000i 4500
=001  JoVEMedicine53731
=008  161201s2016\\\\xx\\\\\g\\\\\\s\\\\\eng\d
=035  \\$a(OCoLC)733445860
=040  \\$aVaAlASP$cVaAlASP
=100  1\$aIto,Yoko  A.
=245  12$aA Magnetic Microbead Occlusion Model to Induce Ocular Hypertension-Dependent Glaucoma in Mice$h[electronic resource]
=260  \\$aCambridge, MA$bMyJoVE Corp$c2016
=300  \\$aonline resource (566 seconds)
=490  0\$aMedicine
=500  \\$aTitle from resource description page
=520  \\$aHere, we present a protocol to induce ocular hypertension in the murine eye that results in the loss of retinal ganglion cells as observed in glaucoma. Magnetic microbeads are injected into the anterior chamber and attracted to the iridocorneal angle using a magnet to block the outflow of aqueous humour.
=521  \\$aFor undergraduate, graduate, and professional students
=546  \\$aEnglish
=650  \0$aMedicine
=856  40$uhttps://www.jove.com/video/53731
=945  \\$aThe Whole World

