=LDR  00934ngm a2200000i 4500
=001  JoVEBiology53840
=008  161201s2016\\\\xx\\\\\g\\\\\\s\\\\\eng\d
=035  \\$a(OCoLC)733445860
=040  \\$aVaAlASP$cVaAlASP
=100  1\$aSerrao,Erik
=245  12$aAmplification, Next-generation Sequencing, and Genomic DNA Mapping of Retroviral Integration Sites$h[electronic resource]
=260  \\$aCambridge, MA$bMyJoVE Corp$c2016
=300  \\$aonline resource (571 seconds)
=490  0\$aBiology
=500  \\$aTitle from resource description page
=520  \\$aWe describe a protocol for amplifying retroviral integration sites from the genomic DNA of infected cells, sequencing the amplified virus-host junctions, and then mapping these sequences to a reference genome. We also describe techniques to quantify the distribution of integration sites relative to various genomic annotations using BEDTools.
=521  \\$aFor undergraduate, graduate, and professional students
=546  \\$aEnglish
=650  \0$aBiology
=856  40$uhttps://www.jove.com/video/53840
=945  \\$aThe Whole World

