=LDR  00901ngm a2200000i 4500
=001  JoVEMedicine53089
=008  161201s2016\\\\xx\\\\\g\\\\\\s\\\\\eng\d
=035  \\$a(OCoLC)733445860
=040  \\$aVaAlASP$cVaAlASP
=100  1\$aAu,Jennifer  L.
=245  12$aMotor and Hippocampal Dependent Spatial Learning and Reference Memory Assessment in a Transgenic Rat Model of Alzheimer's Disease with Stroke$h[electronic resource]
=260  \\$aCambridge, MA$bMyJoVE Corp$c2016
=300  \\$aonline resource (585 seconds)
=490  0\$aMedicine
=500  \\$aTitle from resource description page
=520  \\$aTo investigate the co-morbid Alzheimer's disease (AD) and stroke condition in a novel model, three behavior tasks are described that assess both motor control and cognitive behaviors. These tasks include the beam-walk task, cylinder task and Morris water maze.
=521  \\$aFor undergraduate, graduate, and professional students
=546  \\$aEnglish
=650  \0$aMedicine
=856  40$uhttps://www.jove.com/video/53089
=945  \\$aThe Whole World

