=LDR  00910ngm a2200000i 4500
=001  JoVEBiology53790
=008  161201s2016\\\\xx\\\\\g\\\\\\s\\\\\eng\d
=035  \\$a(OCoLC)733445860
=040  \\$aVaAlASP$cVaAlASP
=100  1\$aZhang,Ying
=245  12$aImaging Spatial Reorganization of a MAPK Signaling Pathway Using the Tobacco Transient Expression System$h[electronic resource]
=260  \\$aCambridge, MA$bMyJoVE Corp$c2016
=300  \\$aonline resource (534 seconds)
=490  0\$aBiology
=500  \\$aTitle from resource description page
=520  \\$aAt the subcellular level, signaling events are dynamically modulated by developmental and environmental cues. Here we describe a protocol that employs the tobacco transient expression system to monitor dynamic protein-protein interaction and to disclose spatial organization of signal transduction in plant cells. 
=521  \\$aFor undergraduate, graduate, and professional students
=546  \\$aEnglish
=650  \0$aBiology
=856  40$uhttps://www.jove.com/video/53790
=945  \\$aThe Whole World

