=LDR  00875ngm a2200000i 4500
=001  JoVEMedicine53832
=008  161201s2016\\\\xx\\\\\g\\\\\\s\\\\\eng\d
=035  \\$a(OCoLC)733445860
=040  \\$aVaAlASP$cVaAlASP
=100  1\$aZhao,Yiru  Chen
=245  12$aSystems Biology of Metabolic Regulation by Estrogen Receptor Signaling in Breast Cancer$h[electronic resource]
=260  \\$aCambridge, MA$bMyJoVE Corp$c2016
=300  \\$aonline resource (636 seconds)
=490  0\$aMedicine
=500  \\$aTitle from resource description page
=520  \\$aIntegration of data from genome-wide sequencing experiments and metabolomics experiments is a challenge.  In this paper we report, for the first time, generation, analysis and integration of transcriptome, cistrome and metabolome data from breast cancer cells treated with estradiol.     
=521  \\$aFor undergraduate, graduate, and professional students
=546  \\$aEnglish
=650  \0$aMedicine
=856  40$uhttps://www.jove.com/video/53832
=945  \\$aThe Whole World

