=LDR  00981ngm a2200000i 4500
=001  JoVEMedicine53404
=008  161201s2016\\\\xx\\\\\g\\\\\\s\\\\\eng\d
=035  \\$a(OCoLC)733445860
=040  \\$aVaAlASP$cVaAlASP
=100  1\$aNunez,Stefanie
=245  12$aA Versatile Murine Model of Subcortical White Matter Stroke for the Study of Axonal Degeneration and White Matter Neurobiology$h[electronic resource]
=260  \\$aCambridge, MA$bMyJoVE Corp$c2016
=300  \\$aonline resource (516 seconds)
=490  0\$aMedicine
=500  \\$aTitle from resource description page
=520  \\$aHere we present methodology for the production of a focal stroke in murine white matter by local injection of an irreversible endothelial nitric oxide synthase (eNOS) inhibitor (L-Nio). Presented are two stereotactic variations, retrograde neuronal tracing, and fresh tissue labeling and dissection that expand the potential applications of this technique.
=521  \\$aFor undergraduate, graduate, and professional students
=546  \\$aEnglish
=650  \0$aMedicine
=856  40$uhttps://www.jove.com/video/53404
=945  \\$aThe Whole World

