=LDR  00844ngm a2200000i 4500
=001  JoVEBiology53968
=008  161201s2016\\\\xx\\\\\g\\\\\\s\\\\\eng\d
=035  \\$a(OCoLC)733445860
=040  \\$aVaAlASP$cVaAlASP
=100  1\$aJackson,Daniel  J.
=245  12$aA Whole Mount In Situ Hybridization Method for the Gastropod Mollusc Lymnaea stagnalis$h[electronic resource]
=260  \\$aCambridge, MA$bMyJoVE Corp$c2016
=300  \\$aonline resource (453 seconds)
=490  0\$aBiology
=500  \\$aTitle from resource description page
=520  \\$aThe goal of this protocol is to provide users with a set of methods for the high-throughput decapsulation of Lymnaea stagnalis embryos and larvae in preparation for whole mount in situ hybridization, and for subsequent pre- and post-hybridization treatments.
=521  \\$aFor undergraduate, graduate, and professional students
=546  \\$aEnglish
=650  \0$aBiology
=856  40$uhttps://www.jove.com/video/53968
=945  \\$aThe Whole World

