=LDR  00928ngm a2200000i 4500
=001  JoVEBiology53867
=008  161201s2016\\\\xx\\\\\g\\\\\\s\\\\\eng\d
=035  \\$a(OCoLC)733445860
=040  \\$aVaAlASP$cVaAlASP
=100  1\$aStacker,Steven A.
=245  12$aA Simple Bioassay for the Evaluation of Vascular Endothelial Growth Factors$h[electronic resource]
=260  \\$aCambridge, MA$bMyJoVE Corp$c2016
=300  \\$aonline resource (544 seconds)
=490  0\$aBiology
=500  \\$aTitle from resource description page
=520  \\$aWe describe a simple cell-based bioassay for detecting, quantifying and monitoring the activity of members of the vascular endothelial growth factor family of ligands. The assay uses chimeric receptors expressed in a factor-dependent cell line to provide a semi-quantitative or quantitative assessment of receptor binding and cross-linking by the ligand.
=521  \\$aFor undergraduate, graduate, and professional students
=546  \\$aEnglish
=650  \0$aBiology
=856  40$uhttps://www.jove.com/video/53867
=945  \\$aThe Whole World

