=LDR  00705ngm a2200000i 4500
=001  JoVEBiology53756
=008  161201s2016\\\\xx\\\\\g\\\\\\s\\\\\eng\d
=035  \\$a(OCoLC)733445860
=040  \\$aVaAlASP$cVaAlASP
=100  1\$aCaravaca,Juan Manuel
=245  12$aMaintenance of a Drosophila melanogaster Population Cage$h[electronic resource]
=260  \\$aCambridge, MA$bMyJoVE Corp$c2016
=300  \\$aonline resource (483 seconds)
=490  0\$aBiology
=500  \\$aTitle from resource description page
=520  \\$aThis manuscript reports a detailed protocol for culturing, on a regular basis, a population of Drosophila melanogaster using a fly population cage.
=521  \\$aFor undergraduate, graduate, and professional students
=546  \\$aEnglish
=650  \0$aBiology
=856  40$uhttps://www.jove.com/video/53756
=945  \\$aThe Whole World

