=LDR  00907ngm a2200000i 4500
=001  JoVEMedicine53577
=008  161201s2016\\\\xx\\\\\g\\\\\\s\\\\\eng\d
=035  \\$a(OCoLC)733445860
=040  \\$aVaAlASP$cVaAlASP
=100  1\$aArmenti,Stephen  T.
=245  12$aQuantitative Fundus Autofluorescence for the Evaluation of Retinal Diseases$h[electronic resource]
=260  \\$aCambridge, MA$bMyJoVE Corp$c2016
=300  \\$aonline resource (442 seconds)
=490  0\$aMedicine
=500  \\$aTitle from resource description page
=520  \\$aThe retinal pigment epithelium (RPE) supports the sensory retina through recycling visual cycle byproducts, which accumulate as lipofuscin. These products are autofluorescent and can be qualitatively imaged in vivo. Here, we describe a method to quantitatively image RPE lipofuscin using confocal scanning laser ophthalmoscopy. 
=521  \\$aFor undergraduate, graduate, and professional students
=546  \\$aEnglish
=650  \0$aMedicine
=856  40$uhttps://www.jove.com/video/53577
=945  \\$aThe Whole World

