=LDR  00972ngm a2200000i 4500
=001  JoVEMedicine52409
=008  161201s2016\\\\xx\\\\\g\\\\\\s\\\\\eng\d
=035  \\$a(OCoLC)733445860
=040  \\$aVaAlASP$cVaAlASP
=100  1\$aFisch,Sudeshna
=245  12$aEarly Detection of Drug-Induced Renal Hemodynamic Dysfunction Using Sonographic Technology in Rats$h[electronic resource]
=260  \\$aCambridge, MA$bMyJoVE Corp$c2016
=300  \\$aonline resource (398 seconds)
=490  0\$aMedicine
=500  \\$aTitle from resource description page
=520  \\$aEarly stage hemodynamic dysfunction is critical to the development of kidney disease. Yet, detection methodologies are limited. Recent advances in sonography provide a noninvasive, accurate option for early detection of kidney injury. This study outlines a step-by-step, sonographic methodology for detecting kidney dysfunction using a drug-induced nephrotoxicity rat model. 
=521  \\$aFor undergraduate, graduate, and professional students
=546  \\$aEnglish
=650  \0$aMedicine
=856  40$uhttps://www.jove.com/video/52409
=945  \\$aThe Whole World

