=LDR  00768ngm a2200000i 4500
=001  JoVEMedicine53457
=008  161201s2016\\\\xx\\\\\g\\\\\\s\\\\\eng\d
=035  \\$a(OCoLC)733445860
=040  \\$aVaAlASP$cVaAlASP
=100  1\$aUwiera,Richard R.
=245  12$aLong-Term Catheterization of the Intestinal Lymph Trunk and Collection of Lymph in Neonatal Pigs$h[electronic resource]
=260  \\$aCambridge, MA$bMyJoVE Corp$c2016
=300  \\$aonline resource (385 seconds)
=490  0\$aMedicine
=500  \\$aTitle from resource description page
=520  \\$aWe present a surgical procedure to catheterize the intestinal lymph trunk in neonatal pigs to collect large quantities of lipid metabolism components from efferent lymph.
=521  \\$aFor undergraduate, graduate, and professional students
=546  \\$aEnglish
=650  \0$aMedicine
=856  40$uhttps://www.jove.com/video/53457
=945  \\$aThe Whole World

