=LDR  00884ngm a2200000i 4500
=001  JoVEMedicine53905
=008  161201s2016\\\\xx\\\\\g\\\\\\s\\\\\eng\d
=035  \\$a(OCoLC)733445860
=040  \\$aVaAlASP$cVaAlASP
=100  1\$aHashimoto,Takuya
=245  12$aIntraluminal Drug Delivery to the Mouse Arteriovenous Fistula Endothelium$h[electronic resource]
=260  \\$aCambridge, MA$bMyJoVE Corp$c2016
=300  \\$aonline resource (353 seconds)
=490  0\$aMedicine
=500  \\$aTitle from resource description page
=520  \\$aAfter puncturing the aorta through the inferior vena cava (IVC) to create an aorto-caval fistula in the mouse, solution containing a drug is infused into the IVC via the same needle, followed by incubation. This method enables more robust drug delivery to the venous endothelium compared to the external route.
=521  \\$aFor undergraduate, graduate, and professional students
=546  \\$aEnglish
=650  \0$aMedicine
=856  40$uhttps://www.jove.com/video/53905
=945  \\$aThe Whole World

