=LDR  00925ngm a2200000i 4500
=001  JoVEMedicine53579
=008  161201s2016\\\\xx\\\\\g\\\\\\s\\\\\eng\d
=035  \\$a(OCoLC)733445860
=040  \\$aVaAlASP$cVaAlASP
=100  1\$aPurpura,Valeria
=245  12$aTissue Characterization after a New Disaggregation Method for Skin Micro-Grafts Generation$h[electronic resource]
=260  \\$aCambridge, MA$bMyJoVE Corp$c2016
=300  \\$aonline resource (570 seconds)
=490  0\$aMedicine
=500  \\$aTitle from resource description page
=520  \\$aThe protocol describes a new method to disaggregate human tissues and to create autologous micro-grafts that, combined with collagen sponges, give rise to human bio-complexes ready to use in the treatment of skin lesions. Further, this system preserves cell viability of micro-grafts at different times after mechanical disaggregation.
=521  \\$aFor undergraduate, graduate, and professional students
=546  \\$aEnglish
=650  \0$aMedicine
=856  40$uhttps://www.jove.com/video/53579
=945  \\$aThe Whole World

