=LDR  00720ngm a2200000i 4500
=001  JoVEMedicine53075
=008  161201s2016\\\\xx\\\\\g\\\\\\s\\\\\eng\d
=035  \\$a(OCoLC)733445860
=040  \\$aVaAlASP$cVaAlASP
=100  1\$aBaczynska,Alicja  M.
=245  12$aHuman Vastus Lateralis Skeletal Muscle Biopsy Using the Weil-Blakesley Conchotome$h[electronic resource]
=260  \\$aCambridge, MA$bMyJoVE Corp$c2016
=300  \\$aonline resource (436 seconds)
=490  0\$aMedicine
=500  \\$aTitle from resource description page
=520  \\$aThis video demonstrates the technique of percutaneous muscle biopsy of the human vastus lateralis using the Weil-Blakesley conchotome.
=521  \\$aFor undergraduate, graduate, and professional students
=546  \\$aEnglish
=650  \0$aMedicine
=856  40$uhttps://www.jove.com/video/53075
=945  \\$aThe Whole World

