=LDR  00869ngm a2200000i 4500
=001  JoVEBiology53732
=008  161201s2016\\\\xx\\\\\g\\\\\\s\\\\\eng\d
=035  \\$a(OCoLC)733445860
=040  \\$aVaAlASP$cVaAlASP
=100  1\$aNiikura,Yohei
=245  12$a Immunofluorescence Analysis of Endogenous and Exogenous Centromere-kinetochore Proteins$h[electronic resource]
=260  \\$aCambridge, MA$bMyJoVE Corp$c2016
=300  \\$aonline resource (335 seconds)
=490  0\$aBiology
=500  \\$aTitle from resource description page
=520  \\$aHere we report protocols to detect endogenous and exogenous centromere-kinetochore proteins in human cells and quantify these protein levels at centromeres-kinetochores by indirect immunofluorescent staining through the use of fixation (paraformaldehyde, acetone, or methanol fixation).
=521  \\$aFor undergraduate, graduate, and professional students
=546  \\$aEnglish
=650  \0$aBiology
=856  40$uhttps://www.jove.com/video/53732
=945  \\$aThe Whole World

