=LDR  00895ngm a2200000i 4500
=001  JoVEBiology53177
=008  161201s2016\\\\xx\\\\\g\\\\\\s\\\\\eng\d
=035  \\$a(OCoLC)733445860
=040  \\$aVaAlASP$cVaAlASP
=100  1\$aWong,Shirley
=245  12$aProduction of Double-stranded DNA Ministrings$h[electronic resource]
=260  \\$aCambridge, MA$bMyJoVE Corp$c2016
=300  \\$aonline resource (372 seconds)
=490  0\$aBiology
=500  \\$aTitle from resource description page
=520  \\$aThe linear covalently closed (LCC) DNA minivector (DNA ministring) is a non-viral gene delivery vector offering high transfection efficiency and is relevant to any DNA delivery application. The production system is simple, rapid, and scalable in vivo. The following protocol provides visual step-by-step instructions for the production of DNA ministrings. 
=521  \\$aFor undergraduate, graduate, and professional students
=546  \\$aEnglish
=650  \0$aBiology
=856  40$uhttps://www.jove.com/video/53177
=945  \\$aThe Whole World

