=LDR  00923ngm a2200000i 4500
=001  JoVEBiology53718
=008  161201s2016\\\\xx\\\\\g\\\\\\s\\\\\eng\d
=035  \\$a(OCoLC)733445860
=040  \\$aVaAlASP$cVaAlASP
=100  1\$aYu,Yi
=245  12$aEn Face Detection of Nitric Oxide and Superoxide in Endothelial Layer of Intact Arteries$h[electronic resource]
=260  \\$aCambridge, MA$bMyJoVE Corp$c2016
=300  \\$aonline resource (538 seconds)
=490  0\$aBiology
=500  \\$aTitle from resource description page
=520  \\$aIn this article we describe an adapted relatively easy method using the fluorescence dye diaminofluorescein-2 diacetate (DAF-2DA) and dihydroethidium (DHE) for en face simultaneous detection and visualization of intracellular nitric oxide (NO) and superoxide anion (O2.−) respectively, in freshly isolated intact aortas of an obesity mouse model.
=521  \\$aFor undergraduate, graduate, and professional students
=546  \\$aEnglish
=650  \0$aBiology
=856  40$uhttps://www.jove.com/video/53718
=945  \\$aThe Whole World

