=LDR  00960ngm a2200000i 4500
=001  JoVEMedicine53652
=008  161201s2016\\\\xx\\\\\g\\\\\\s\\\\\eng\d
=035  \\$a(OCoLC)733445860
=040  \\$aVaAlASP$cVaAlASP
=100  1\$aBush,Nicole  R.
=245  12$aMeasuring Cardiac Autonomic Nervous System (ANS) Activity in Toddlers - Resting and Developmental Challenges$h[electronic resource]
=260  \\$aCambridge, MA$bMyJoVE Corp$c2016
=300  \\$aonline resource (502 seconds)
=490  0\$aMedicine
=500  \\$aTitle from resource description page
=520  \\$aWe describe the methods for continuous monitoring of the autonomic nervous system under resting and challenge conditions with 18 month old children. Results revealed that this protocol can produce meaningful physiological responses in both branches of the autonomic nervous system and elicit significant individual variability in patterns of responses.
=521  \\$aFor undergraduate, graduate, and professional students
=546  \\$aEnglish
=650  \0$aMedicine
=856  40$uhttps://www.jove.com/video/53652
=945  \\$aThe Whole World

