=LDR  00965ngm a2200000i 4500
=001  JoVEBiology53417
=008  161201s2016\\\\xx\\\\\g\\\\\\s\\\\\eng\d
=035  \\$a(OCoLC)733445860
=040  \\$aVaAlASP$cVaAlASP
=100  1\$aCandas,Demet
=245  12$aExperimental Approaches to Study Mitochondrial Localization and Function of a Nuclear Cell Cycle Kinase, Cdk1$h[electronic resource]
=260  \\$aCambridge, MA$bMyJoVE Corp$c2016
=300  \\$aonline resource (795 seconds)
=490  0\$aBiology
=500  \\$aTitle from resource description page
=520  \\$aHere, we outline how to study mitochondrial localization of a (cell cycle) kinase, and how to determine its sub-mitochondrial location as well as potential mitochondrial substrates/targets. Forced expression of proteins into the mitochondria provides a useful tool for studying the functional consequences of mitochondrial localization of a protein of interest. 
=521  \\$aFor undergraduate, graduate, and professional students
=546  \\$aEnglish
=650  \0$aBiology
=856  40$uhttps://www.jove.com/video/53417
=945  \\$aThe Whole World

