=LDR  00965ngm a2200000i 4500
=001  JoVEMedicine53106
=008  161201s2016\\\\xx\\\\\g\\\\\\s\\\\\eng\d
=035  \\$a(OCoLC)733445860
=040  \\$aVaAlASP$cVaAlASP
=100  1\$aWayman,Christina
=245  12$aPerforming Permanent Distal Middle Cerebral with Common Carotid Artery Occlusion in Aged Rats to Study Cortical Ischemia with Sustained Disability$h[electronic resource]
=260  \\$aCambridge, MA$bMyJoVE Corp$c2016
=300  \\$aonline resource (551 seconds)
=490  0\$aMedicine
=500  \\$aTitle from resource description page
=520  \\$aHere we present a protocol to produce permanent distal middle cerebral artery occlusion in elderly female rats with simultaneous occlusion of the carotid arteries to generate large cortical infarcts and sustained deficits. We show confirmation of the lesion size using structural MRI at 24 hr and 8 weeks after stroke.
=521  \\$aFor undergraduate, graduate, and professional students
=546  \\$aEnglish
=650  \0$aMedicine
=856  40$uhttps://www.jove.com/video/53106
=945  \\$aThe Whole World

