=LDR  00840ngm a2200000i 4500
=001  JoVEMedicine53771
=008  161201s2016\\\\xx\\\\\g\\\\\\s\\\\\eng\d
=035  \\$a(OCoLC)733445860
=040  \\$aVaAlASP$cVaAlASP
=100  1\$aVandivort,Tyler C.
=245  12$aAn Improved Method for Rapid Intubation of the Trachea in Mice$h[electronic resource]
=260  \\$aCambridge, MA$bMyJoVE Corp$c2016
=300  \\$aonline resource (526 seconds)
=490  0\$aMedicine
=500  \\$aTitle from resource description page
=520  \\$aThis article presents a rapid and simple method for administering bleomycin directly into the mouse trachea via intubation. Key advantages of this method are that it is highly reproducible, easy to master, and does not require specialized equipment or lengthy recovery times.
=521  \\$aFor undergraduate, graduate, and professional students
=546  \\$aEnglish
=650  \0$aMedicine
=856  40$uhttps://www.jove.com/video/53771
=945  \\$aThe Whole World

