=LDR  00959ngm a2200000i 4500
=001  JoVEMedicine53559
=008  161201s2016\\\\xx\\\\\g\\\\\\s\\\\\eng\d
=035  \\$a(OCoLC)733445860
=040  \\$aVaAlASP$cVaAlASP
=100  1\$aMay-Simera,Helen
=245  12$aEvaluation of Planar-Cell-Polarity Phenotypes in Ciliopathy Mouse Mutant Cochlea$h[electronic resource]
=260  \\$aCambridge, MA$bMyJoVE Corp$c2016
=300  \\$aonline resource (427 seconds)
=490  0\$aMedicine
=500  \\$aTitle from resource description page
=520  \\$aPrimary cilia influence various signaling pathways. The mammalian cochlea is ideal for examining planar cell polarity (PCP) signaling. Cilia dysfunction affects cochlear outgrowth, cellular patterning and hair cell orientation, readouts of PCP. Our goal is to analyze PCP signaling in mouse cochlea via phenotypic analysis, immunohistochemistry and scanning electron microscopy.
=521  \\$aFor undergraduate, graduate, and professional students
=546  \\$aEnglish
=650  \0$aMedicine
=856  40$uhttps://www.jove.com/video/53559
=945  \\$aThe Whole World

