=LDR  00893ngm a2200000i 4500
=001  JoVEMedicine53637
=008  161201s2016\\\\xx\\\\\g\\\\\\s\\\\\eng\d
=035  \\$a(OCoLC)733445860
=040  \\$aVaAlASP$cVaAlASP
=100  1\$aAvila-Rodríguez,Dulce
=245  12$aThree-dimensional Alginate-bead Culture of Human Pituitary Adenoma Cells$h[electronic resource]
=260  \\$aCambridge, MA$bMyJoVE Corp$c2016
=300  \\$aonline resource (511 seconds)
=490  0\$aMedicine
=500  \\$aTitle from resource description page
=520  \\$aThree-dimensional culture in alginate beads, due to its simplicity and reproducibility, was chosen to maintain the pituitary adenoma cells. The procedures included an initial enzymatic digestion and mechanical dissociation of the tumor tissue, and the subsequent cell suspension was encapsulated in alginate beads.
=521  \\$aFor undergraduate, graduate, and professional students
=546  \\$aEnglish
=650  \0$aMedicine
=856  40$uhttps://www.jove.com/video/53637
=945  \\$aThe Whole World

