=LDR  00882ngm a2200000i 4500
=001  JoVEBiology53632
=008  161201s2016\\\\xx\\\\\g\\\\\\s\\\\\eng\d
=035  \\$a(OCoLC)733445860
=040  \\$aVaAlASP$cVaAlASP
=100  1\$aLee,Clement  M.
=245  12$aIdentification of Kinesin-1 Cargos Using Fluorescence Microscopy$h[electronic resource]
=260  \\$aCambridge, MA$bMyJoVE Corp$c2016
=300  \\$aonline resource (486 seconds)
=490  0\$aBiology
=500  \\$aTitle from resource description page
=520  \\$aHere, a protocol is presented to identify Kinesin-1 cargos. A motorless mutant of the Kinesin-1 heavy chain (KIF5B) aggregates in the cytoplasm and induces aggregation of its cargos. Both aggregates are detected under fluorescence microscopy. A similar strategy can be employed to identify cargos of other motor proteins.
=521  \\$aFor undergraduate, graduate, and professional students
=546  \\$aEnglish
=650  \0$aBiology
=856  40$uhttps://www.jove.com/video/53632
=945  \\$aThe Whole World

