=LDR  00833ngm a2200000i 4500
=001  JoVEMedicine53483
=008  161201s2016\\\\xx\\\\\g\\\\\\s\\\\\eng\d
=035  \\$a(OCoLC)733445860
=040  \\$aVaAlASP$cVaAlASP
=100  1\$aFurtmüller,Georg  J.
=245  12$aOrthotopic Hind Limb Transplantation in the Mouse$h[electronic resource]
=260  \\$aCambridge, MA$bMyJoVE Corp$c2016
=300  \\$aonline resource (435 seconds)
=490  0\$aMedicine
=500  \\$aTitle from resource description page
=520  \\$aThis novel model for orthotopic hind limb transplantation in the mouse, applying a non-suture cuff technique for super-microvascular anastomosis, provides a powerful tool for in vivo mechanistic immunological research related to vascularized composite allotransplantation (VCA).
=521  \\$aFor undergraduate, graduate, and professional students
=546  \\$aEnglish
=650  \0$aMedicine
=856  40$uhttps://www.jove.com/video/53483
=945  \\$aThe Whole World

