=LDR  00842ngm a2200000i 4500
=001  JoVEMedicine53772
=008  161201s2016\\\\xx\\\\\g\\\\\\s\\\\\eng\d
=035  \\$a(OCoLC)733445860
=040  \\$aVaAlASP$cVaAlASP
=100  1\$aDe Wijs-Meijler,Daphne  P M
=245  12$aSurgical Placement of Catheters for Long-term Cardiovascular Exercise Testing in Swine$h[electronic resource]
=260  \\$aCambridge, MA$bMyJoVE Corp$c2016
=300  \\$aonline resource (757 seconds)
=490  0\$aMedicine
=500  \\$aTitle from resource description page
=520  \\$aHere we present a protocol to assess cardiopulmonary function in awake swine, at rest and during graded treadmill exercise. Chronic instrumentation allows for repeated hemodynamic measurements uninfluenced by cardiodepressive anesthetic agents.
=521  \\$aFor undergraduate, graduate, and professional students
=546  \\$aEnglish
=650  \0$aMedicine
=856  40$uhttps://www.jove.com/video/53772
=945  \\$aThe Whole World

