=LDR  00774ngm a2200000i 4500
=001  JoVEMedicine53645
=008  161201s2016\\\\xx\\\\\g\\\\\\s\\\\\eng\d
=035  \\$a(OCoLC)733445860
=040  \\$aVaAlASP$cVaAlASP
=100  1\$aSlone,William  L.
=245  12$aModeling Chemotherapy Resistant Leukemia In Vitro$h[electronic resource]
=260  \\$aCambridge, MA$bMyJoVE Corp$c2016
=300  \\$aonline resource (521 seconds)
=490  0\$aMedicine
=500  \\$aTitle from resource description page
=520  \\$aThe current report summarizes a protocol that can be utilized to model the influence of the bone marrow microenvironment niche on leukemic cells with emphasis placed on enrichment of the most chemoresistant subpopulation.  
=521  \\$aFor undergraduate, graduate, and professional students
=546  \\$aEnglish
=650  \0$aMedicine
=856  40$uhttps://www.jove.com/video/53645
=945  \\$aThe Whole World

