=LDR  00905ngm a2200000i 4500
=001  JoVEMedicine53250
=008  161201s2016\\\\xx\\\\\g\\\\\\s\\\\\eng\d
=035  \\$a(OCoLC)733445860
=040  \\$aVaAlASP$cVaAlASP
=100  1\$aMateer,Sean  W.
=245  12$aEx Vivo Intestinal Sacs to Assess Mucosal Permeability in Models of Gastrointestinal Disease$h[electronic resource]
=260  \\$aCambridge, MA$bMyJoVE Corp$c2016
=300  \\$aonline resource (364 seconds)
=490  0\$aMedicine
=500  \\$aTitle from resource description page
=520  \\$aThis protocol describes the use of excised intestinal tissue preparations or "intestinal sacs" as an ex vivo model of intestinal barrier function. This model may be used to assess integrity of both the epithelial barrier and the mucous gel layer at specific intestinal sites in animal models of digestive disease.
=521  \\$aFor undergraduate, graduate, and professional students
=546  \\$aEnglish
=650  \0$aMedicine
=856  40$uhttps://www.jove.com/video/53250
=945  \\$aThe Whole World

