=LDR  00921ngm a2200000i 4500
=001  JoVEMedicine53741
=008  161201s2016\\\\xx\\\\\g\\\\\\s\\\\\eng\d
=035  \\$a(OCoLC)733445860
=040  \\$aVaAlASP$cVaAlASP
=100  1\$avan den Bijgaart,Renske J.E.
=245  12$aEx vivo Live Imaging of Lung Metastasis and Their Microenvironment$h[electronic resource]
=260  \\$aCambridge, MA$bMyJoVE Corp$c2016
=300  \\$aonline resource (679 seconds)
=490  0\$aMedicine
=500  \\$aTitle from resource description page
=520  \\$aWe describe a relatively simple method for ex vivo live imaging of the tumor cell-stroma interactions within lung metastasis, utilizing fluorescent reporters in mice. Using spinning-disk confocal microscopy, this technique enables visualization of live cells for at least 4 hr and could be adapted to study other inflammatory lung conditions.
=521  \\$aFor undergraduate, graduate, and professional students
=546  \\$aEnglish
=650  \0$aMedicine
=856  40$uhttps://www.jove.com/video/53741
=945  \\$aThe Whole World

