=LDR  00827ngm a2200000i 4500
=001  JoVEMedicine53294
=008  161201s2016\\\\xx\\\\\g\\\\\\s\\\\\eng\d
=035  \\$a(OCoLC)733445860
=040  \\$aVaAlASP$cVaAlASP
=100  1\$aWong,Chun Yu
=245  12$aA Novel Murine Model of Arteriovenous Fistula Failure: The Surgical Procedure in Detail$h[electronic resource]
=260  \\$aCambridge, MA$bMyJoVE Corp$c2016
=300  \\$aonline resource (610 seconds)
=490  0\$aMedicine
=500  \\$aTitle from resource description page
=520  \\$aHere we present a murine model of arteriovenous fistula (AVF) failure in which a clinically relevant anastomotic configuration is incorporated. This model can be used to study the pathophysiology and to test possible therapeutic interventions.
=521  \\$aFor undergraduate, graduate, and professional students
=546  \\$aEnglish
=650  \0$aMedicine
=856  40$uhttps://www.jove.com/video/53294
=945  \\$aThe Whole World

