=LDR  00895ngm a2200000i 4500
=001  JoVEMedicine53449
=008  161201s2016\\\\xx\\\\\g\\\\\\s\\\\\eng\d
=035  \\$a(OCoLC)733445860
=040  \\$aVaAlASP$cVaAlASP
=100  1\$aKeller,Jennifer L.
=245  12$aAdapted Resistance Training Improves Strength in Eight Weeks in Individuals with Multiple Sclerosis$h[electronic resource]
=260  \\$aCambridge, MA$bMyJoVE Corp$c2016
=300  \\$aonline resource (528 seconds)
=490  0\$aMedicine
=500  \\$aTitle from resource description page
=520  \\$aHip weakness is a common symptom affecting walking ability in people with multiple sclerosis. Isolated muscle strengthening is a useful method to target specific weaknesses. This protocol describes a progressive resistance-training program using exercise bands to increase hip muscle strength.
=521  \\$aFor undergraduate, graduate, and professional students
=546  \\$aEnglish
=650  \0$aMedicine
=856  40$uhttps://www.jove.com/video/53449
=945  \\$aThe Whole World

