=LDR  01036ngm a2200000i 4500
=001  JoVEMedicine53036
=008  161201s2016\\\\xx\\\\\g\\\\\\s\\\\\eng\d
=035  \\$a(OCoLC)733445860
=040  \\$aVaAlASP$cVaAlASP
=100  1\$aChapman,Ian  J.
=245  12$aMolecular Probe Optimization to Determine Cell Mortality in a Photosynthetic Organism (Microcystis aeruginosa) Using Flow Cytometry$h[electronic resource]
=260  \\$aCambridge, MA$bMyJoVE Corp$c2016
=300  \\$aonline resource (616 seconds)
=490  0\$aMedicine
=500  \\$aTitle from resource description page
=520  \\$aMicrobial populations contain substantial cell heterogeneity, which can dictate overall behavior. Molecular probe analysis through flow cytometry can determine physiological states of cells, however its application varies between species. This study provides a protocol to accurately determine cell mortality within a cyanobacterium population, without underestimating or recording false positive results.
=521  \\$aFor undergraduate, graduate, and professional students
=546  \\$aEnglish
=650  \0$aMedicine
=856  40$uhttps://www.jove.com/video/53036
=945  \\$aThe Whole World

