=LDR  00748ngm a2200000i 4500
=001  JoVEMedicine53329
=008  161201s2016\\\\xx\\\\\g\\\\\\s\\\\\eng\d
=035  \\$a(OCoLC)733445860
=040  \\$aVaAlASP$cVaAlASP
=100  1\$aAbt,Melissa A.
=245  12$aEvaluation of Lung Metastasis in Mouse Mammary Tumor Models by Quantitative Real-time PCR$h[electronic resource]
=260  \\$aCambridge, MA$bMyJoVE Corp$c2016
=300  \\$aonline resource (536 seconds)
=490  0\$aMedicine
=500  \\$aTitle from resource description page
=520  \\$aThis protocol describes how to use quantitative Real-time PCR (QRT-PCR) to detect tumor cell specific mRNA representing metastasis within the mouse lung tissue.
=521  \\$aFor undergraduate, graduate, and professional students
=546  \\$aEnglish
=650  \0$aMedicine
=856  40$uhttps://www.jove.com/video/53329
=945  \\$aThe Whole World

