=LDR  00953ngm a2200000i 4500
=001  JoVEBiology53620
=008  161201s2016\\\\xx\\\\\g\\\\\\s\\\\\eng\d
=035  \\$a(OCoLC)733445860
=040  \\$aVaAlASP$cVaAlASP
=100  1\$aWu,Feinan
=245  12$aDamID-seq: Genome-wide Mapping of Protein-DNA Interactions by High Throughput Sequencing of Adenine-methylated DNA Fragments$h[electronic resource]
=260  \\$aCambridge, MA$bMyJoVE Corp$c2016
=300  \\$aonline resource (554 seconds)
=490  0\$aBiology
=500  \\$aTitle from resource description page
=520  \\$aWe describe herein an assay by coupling DNA adenine methyltransferase identification (DamID) to high throughput sequencing (DamID-seq). This improved method provides a higher resolution and a wider dynamic range, and allows analyzing DamID-seq data in conjunction with other high throughput sequencing data such as ChIP-seq, RNA-seq, etc.
=521  \\$aFor undergraduate, graduate, and professional students
=546  \\$aEnglish
=650  \0$aBiology
=856  40$uhttps://www.jove.com/video/53620
=945  \\$aThe Whole World

