=LDR  00849ngm a2200000i 4500
=001  JoVEBiology53297
=008  161201s2016\\\\xx\\\\\g\\\\\\s\\\\\eng\d
=035  \\$a(OCoLC)733445860
=040  \\$aVaAlASP$cVaAlASP
=100  1\$aWilliams,Savannah  Y.
=245  12$aHigh Throughput Danio Rerio Energy Expenditure Assay$h[electronic resource]
=260  \\$aCambridge, MA$bMyJoVE Corp$c2016
=300  \\$aonline resource (515 seconds)
=490  0\$aBiology
=500  \\$aTitle from resource description page
=520  \\$aZebrafish are an important model organism for the study of energy homeostasis.  By utilizing a NADH2 sensitive redox indicator, alamar Blue, we have developed an assay that measures the metabolic rate of zebrafish larvae in a 96 well plate format and can be applied to drug or gene discovery.  
=521  \\$aFor undergraduate, graduate, and professional students
=546  \\$aEnglish
=650  \0$aBiology
=856  40$uhttps://www.jove.com/video/53297
=945  \\$aThe Whole World

