=LDR  00898ngm a2200000i 4500
=001  JoVEBiology53263
=008  161201s2016\\\\xx\\\\\g\\\\\\s\\\\\eng\d
=035  \\$a(OCoLC)733445860
=040  \\$aVaAlASP$cVaAlASP
=100  1\$aKendig,Derek  M.
=245  12$aSpatiotemporal Mapping of Motility in Ex Vivo Preparations of the Intestines$h[electronic resource]
=260  \\$aCambridge, MA$bMyJoVE Corp$c2016
=300  \\$aonline resource (720 seconds)
=490  0\$aBiology
=500  \\$aTitle from resource description page
=520  \\$aRecently available video recording and spatiotemporal mapping (STmap) techniques make it possible to visualize and quantify both propagating and mixing patterns of intestinal motility. The goal of this protocol is to explain the generation and analysis of STmaps using the GastroIntestinal Motility Monitoring (GIMM) system.
=521  \\$aFor undergraduate, graduate, and professional students
=546  \\$aEnglish
=650  \0$aBiology
=856  40$uhttps://www.jove.com/video/53263
=945  \\$aThe Whole World

