=LDR  00872ngm a2200000i 4500
=001  JoVEBiology53723
=008  161201s2016\\\\xx\\\\\g\\\\\\s\\\\\eng\d
=035  \\$a(OCoLC)733445860
=040  \\$aVaAlASP$cVaAlASP
=100  1\$aRobitaille,Alexa  C.
=245  12$aA High Resolution Method to Monitor Phosphorylation-dependent Activation of IRF3$h[electronic resource]
=260  \\$aCambridge, MA$bMyJoVE Corp$c2016
=300  \\$aonline resource (704 seconds)
=490  0\$aBiology
=500  \\$aTitle from resource description page
=520  \\$aHere we describe a procedure allowing a detailed analysis of the phosphorylation-dependent activation of the IRF3 transcription factor. This is achieved through the combination of a high resolution SDS-PAGE and a native-PAGE coupled to immunoblots using multiple phosphospecific antibodies.
=521  \\$aFor undergraduate, graduate, and professional students
=546  \\$aEnglish
=650  \0$aBiology
=856  40$uhttps://www.jove.com/video/53723
=945  \\$aThe Whole World

