=LDR  00890ngm a2200000i 4500
=001  JoVEBiology53625
=008  161201s2016\\\\xx\\\\\g\\\\\\s\\\\\eng\d
=035  \\$a(OCoLC)733445860
=040  \\$aVaAlASP$cVaAlASP
=100  1\$aZhou,Boran
=245  12$aUsing Digital Image Correlation to Characterize Local Strains on Vascular Tissue Specimens$h[electronic resource]
=260  \\$aCambridge, MA$bMyJoVE Corp$c2016
=300  \\$aonline resource (569 seconds)
=490  0\$aBiology
=500  \\$aTitle from resource description page
=520  \\$aWe describe the use of digital image correlation to characterize the local surface strain field on vascular tissue samples subjected to uniaxial tensile testing. These measurements facilitate precise quantification of the sample mechanical response and the generation of constitutive stress-strain relations.
=521  \\$aFor undergraduate, graduate, and professional students
=546  \\$aEnglish
=650  \0$aBiology
=856  40$uhttps://www.jove.com/video/53625
=945  \\$aThe Whole World

