=LDR  00900ngm a2200000i 4500
=001  JoVEMedicine53488
=008  161201s2016\\\\xx\\\\\g\\\\\\s\\\\\eng\d
=035  \\$a(OCoLC)733445860
=040  \\$aVaAlASP$cVaAlASP
=100  1\$aXiong,Jianhua
=245  12$aApical Resection Mouse Model to Study Early Mammalian Heart Regeneration$h[electronic resource]
=260  \\$aCambridge, MA$bMyJoVE Corp$c2016
=300  \\$aonline resource (368 seconds)
=490  0\$aMedicine
=500  \\$aTitle from resource description page
=520  \\$aA step-by-step video protocol of apical resection is demonstrated in this study. Apical resection is a recently highlighted surgical approach in mammalian heart regeneration research. This study may promote the application of apical resection as a standard methodology in research into the mechanism underlying heart regeneration.
=521  \\$aFor undergraduate, graduate, and professional students
=546  \\$aEnglish
=650  \0$aMedicine
=856  40$uhttps://www.jove.com/video/53488
=945  \\$aThe Whole World

