=LDR  00820ngm a2200000i 4500
=001  JoVEMedicine53442
=008  161201s2016\\\\xx\\\\\g\\\\\\s\\\\\eng\d
=035  \\$a(OCoLC)733445860
=040  \\$aVaAlASP$cVaAlASP
=100  1\$aOh,Byoungchol
=245  12$aA Novel Microsurgical Model for Heterotopic, En Bloc Chest Wall, Thymus, and Heart Transplantation in Mice$h[electronic resource]
=260  \\$aCambridge, MA$bMyJoVE Corp$c2016
=300  \\$aonline resource (744 seconds)
=490  0\$aMedicine
=500  \\$aTitle from resource description page
=520  \\$aTo study combined solid organ and vascularized composite allotransplantation, we describe a novel heterotopic en bloc chest wall, thymus, and heart transplant model in mice using a cervical non-suture cuff technique.
=521  \\$aFor undergraduate, graduate, and professional students
=546  \\$aEnglish
=650  \0$aMedicine
=856  40$uhttps://www.jove.com/video/53442
=945  \\$aThe Whole World

