=LDR  00801ngm a2200000i 4500
=001  JoVEBiology53594
=008  161201s2016\\\\xx\\\\\g\\\\\\s\\\\\eng\d
=035  \\$a(OCoLC)733445860
=040  \\$aVaAlASP$cVaAlASP
=100  1\$aYe,Anna  A.
=245  12$aGenerating a "Humanized" Drosophila S2 Cell Line Sensitive to Pharmacological Inhibition of Kinesin-5$h[electronic resource]
=260  \\$aCambridge, MA$bMyJoVE Corp$c2016
=300  \\$aonline resource (669 seconds)
=490  0\$aBiology
=500  \\$aTitle from resource description page
=520  \\$aThis protocol describes how to generate a Drosophila S2 cell line that is sensitive to small molecule inhibitors of kinesin-5. The use of these cells in a cell-based error correction assay is also outlined. 
=521  \\$aFor undergraduate, graduate, and professional students
=546  \\$aEnglish
=650  \0$aBiology
=856  40$uhttps://www.jove.com/video/53594
=945  \\$aThe Whole World

