=LDR  00864ngm a2200000i 4500
=001  JoVEBiology53510
=008  161201s2016\\\\xx\\\\\g\\\\\\s\\\\\eng\d
=035  \\$a(OCoLC)733445860
=040  \\$aVaAlASP$cVaAlASP
=100  1\$aErwin,Graham  S.
=245  12$aGenome-wide Mapping of Drug-DNA Interactions in Cells with COSMIC (Crosslinking of Small Molecules to Isolate Chromatin)$h[electronic resource]
=260  \\$aCambridge, MA$bMyJoVE Corp$c2016
=300  \\$aonline resource (605 seconds)
=490  0\$aBiology
=500  \\$aTitle from resource description page
=520  \\$aIdentifying the direct targets of genome-targeting molecules remains a major challenge. To understand how DNA-binding molecules engage the genome, we developed a method that relies on crosslinking of small molecules to isolate chromatin (COSMIC).
=521  \\$aFor undergraduate, graduate, and professional students
=546  \\$aEnglish
=650  \0$aBiology
=856  40$uhttps://www.jove.com/video/53510
=945  \\$aThe Whole World

