=LDR  00951ngm a2200000i 4500
=001  JoVEMedicine53287
=008  161201s2016\\\\xx\\\\\g\\\\\\s\\\\\eng\d
=035  \\$a(OCoLC)733445860
=040  \\$aVaAlASP$cVaAlASP
=100  1\$aClark,Aaron  J.
=245  12$aBioluminescence Imaging of an Immunocompetent Animal Model for Glioblastoma$h[electronic resource]
=260  \\$aCambridge, MA$bMyJoVE Corp$c2016
=300  \\$aonline resource (557 seconds)
=490  0\$aMedicine
=500  \\$aTitle from resource description page
=520  \\$aGL261 glioma cells provide a useful immunocompetent animal model of glioblastoma. The goals of this protocol are to demonstrate proper techniques for monitoring intracranial tumor growth using in vivo bioluminescence imaging, and to verify the utility of luciferase-modified GL261 cells for studying tumor immunology and immunotherapeutic approaches for treating glioblastoma.
=521  \\$aFor undergraduate, graduate, and professional students
=546  \\$aEnglish
=650  \0$aMedicine
=856  40$uhttps://www.jove.com/video/53287
=945  \\$aThe Whole World

