=LDR  00769ngm a2200000i 4500
=001  JoVEBiology53647
=008  161201s2016\\\\xx\\\\\g\\\\\\s\\\\\eng\d
=035  \\$a(OCoLC)733445860
=040  \\$aVaAlASP$cVaAlASP
=100  1\$aBhaskara,Srividya
=245  12$aExamination of Proteins Bound to Nascent DNA in Mammalian Cells Using  BrdU-ChIP-Slot-Western Technique$h[electronic resource]
=260  \\$aCambridge, MA$bMyJoVE Corp$c2016
=300  \\$aonline resource (554 seconds)
=490  0\$aBiology
=500  \\$aTitle from resource description page
=520  \\$aIn this protocol, we describe a novel BrdU-ChIP-Slot-Western technique to examine proteins and histone modifications associated with newly synthesized or nascent DNA. 
=521  \\$aFor undergraduate, graduate, and professional students
=546  \\$aEnglish
=650  \0$aBiology
=856  40$uhttps://www.jove.com/video/53647
=945  \\$aThe Whole World

