=LDR  00692ngm a2200000i 4500
=001  JoVEBiology53481
=008  161201s2016\\\\xx\\\\\g\\\\\\s\\\\\eng\d
=035  \\$a(OCoLC)733445860
=040  \\$aVaAlASP$cVaAlASP
=100  1\$aCrombez,Hanne
=245  12$aLateral Root Inducible System in Arabidopsis and Maize$h[electronic resource]
=260  \\$aCambridge, MA$bMyJoVE Corp$c2016
=300  \\$aonline resource (563 seconds)
=490  0\$aBiology
=500  \\$aTitle from resource description page
=520  \\$aThe Lateral Root Inducible System (LRIS) allows for synchronous induction of lateral roots and is presented for Arabidopsis thaliana and maize.
=521  \\$aFor undergraduate, graduate, and professional students
=546  \\$aEnglish
=650  \0$aBiology
=856  40$uhttps://www.jove.com/video/53481
=945  \\$aThe Whole World

