=LDR  00978ngm a2200000i 4500
=001  JoVEBiology53422
=008  161201s2016\\\\xx\\\\\g\\\\\\s\\\\\eng\d
=035  \\$a(OCoLC)733445860
=040  \\$aVaAlASP$cVaAlASP
=100  1\$aKomar,Dorota  N.
=245  12$aChromatin Immunoprecipitation Assay for the Identification of Arabidopsis Protein-DNA Interactions In Vivo$h[electronic resource]
=260  \\$aCambridge, MA$bMyJoVE Corp$c2016
=300  \\$aonline resource (756 seconds)
=490  0\$aBiology
=500  \\$aTitle from resource description page
=520  \\$aChromatin immunoprecipitation is a powerful technique for the identification of DNA binding sites of Arabidopsis proteins in vivo. This procedure includes chromatin cross-linking and fragmentation, immunoprecipitation with selective antibodies against the protein of interest, and qPCR analysis of bound DNA. We describe a simple ChIP assay optimized for Arabidopsis plants.
=521  \\$aFor undergraduate, graduate, and professional students
=546  \\$aEnglish
=650  \0$aBiology
=856  40$uhttps://www.jove.com/video/53422
=945  \\$aThe Whole World

