=LDR  00911ngm a2200000i 4500
=001  JoVEBiology53508
=008  161201s2016\\\\xx\\\\\g\\\\\\s\\\\\eng\d
=035  \\$a(OCoLC)733445860
=040  \\$aVaAlASP$cVaAlASP
=100  1\$aVance,Stephen
=245  12$aComparative Analysis of Human Growth Hormone in Serum Using SPRi, Nano-SPRi and ELISA Assays$h[electronic resource]
=260  \\$aCambridge, MA$bMyJoVE Corp$c2016
=300  \\$aonline resource (677 seconds)
=490  0\$aBiology
=500  \\$aTitle from resource description page
=520  \\$aThe proposed work assesses the diagnostic potential of direct and amplified surface plasmon resonance imaging (SPRi) assays, particularly for the detection of recombinant human growth hormone in spiked human serum, by comparing SPRi results directly with commercially available enzyme-linked immunosorbent assay (ELISA) kit.
=521  \\$aFor undergraduate, graduate, and professional students
=546  \\$aEnglish
=650  \0$aBiology
=856  40$uhttps://www.jove.com/video/53508
=945  \\$aThe Whole World

