=LDR  00875ngm a2200000i 4500
=001  JoVEBiology53302
=008  161201s2016\\\\xx\\\\\g\\\\\\s\\\\\eng\d
=035  \\$a(OCoLC)733445860
=040  \\$aVaAlASP$cVaAlASP
=100  1\$aZufferey,Rachel
=245  12$aIn Vitro Assay to Measure Phosphatidylethanolamine Methyltransferase Activity$h[electronic resource]
=260  \\$aCambridge, MA$bMyJoVE Corp$c2016
=300  \\$aonline resource (573 seconds)
=490  0\$aBiology
=500  \\$aTitle from resource description page
=520  \\$aThe present report describes an in vitro enzymatic assay to measure phosphatidylethanolamine methyltransferase activity using Leishmania cell extracts. This assay is based on the transfer of a radioactive methyl group from S-[Methyl-3H]adenosyl-L-methionine onto endogenous phosphatidylethanolamine.  
=521  \\$aFor undergraduate, graduate, and professional students
=546  \\$aEnglish
=650  \0$aBiology
=856  40$uhttps://www.jove.com/video/53302
=945  \\$aThe Whole World

