=LDR  00910ngm a2200000i 4500
=001  JoVEMedicine53541
=008  161201s2016\\\\xx\\\\\g\\\\\\s\\\\\eng\d
=035  \\$a(OCoLC)733445860
=040  \\$aVaAlASP$cVaAlASP
=100  1\$aPeters,Pamela  N.
=245  12$aModeling the Early Steps of Ovarian Cancer Dissemination in an Organotypic Culture of the Human Peritoneal Cavity$h[electronic resource]
=260  \\$aCambridge, MA$bMyJoVE Corp$c2016
=300  \\$aonline resource (540 seconds)
=490  0\$aMedicine
=500  \\$aTitle from resource description page
=520  \\$aHere, we present a protocol to construct a three-dimensional in vitro model of the lining of the peritoneal cavity, composed of primary human mesothelial cells and fibroblasts layered with extracellular matrix, as a tool to investigate ovarian cancer cell adhesion, invasion, and proliferation. 
=521  \\$aFor undergraduate, graduate, and professional students
=546  \\$aEnglish
=650  \0$aMedicine
=856  40$uhttps://www.jove.com/video/53541
=945  \\$aThe Whole World

