=LDR  00763ngm a2200000i 4500
=001  JoVEMedicine53562
=008  161201s2016\\\\xx\\\\\g\\\\\\s\\\\\eng\d
=035  \\$a(OCoLC)733445860
=040  \\$aVaAlASP$cVaAlASP
=100  1\$avan Elteren,Hugo
=245  12$aTranscutaneous Microcirculatory Imaging in Preterm Neonates$h[electronic resource]
=260  \\$aCambridge, MA$bMyJoVE Corp$c2016
=300  \\$aonline resource (387 seconds)
=490  0\$aMedicine
=500  \\$aTitle from resource description page
=520  \\$aMicrocirculatory imaging (MI) is used to monitor peripheral perfusion in critically ill or preterm neonates. This manuscript and video demonstrates the optimal approach for obtaining high-quality images.
=521  \\$aFor undergraduate, graduate, and professional students
=546  \\$aEnglish
=650  \0$aMedicine
=856  40$uhttps://www.jove.com/video/53562
=945  \\$aThe Whole World

