=LDR  00998ngm a2200000i 4500
=001  JoVEBiology53568
=008  161201s2016\\\\xx\\\\\g\\\\\\s\\\\\eng\d
=035  \\$a(OCoLC)733445860
=040  \\$aVaAlASP$cVaAlASP
=100  1\$aSubedi,Ganesh  P.
=245  12$aHigh Yield Expression of Recombinant Human Proteins with the Transient Transfection of HEK293 Cells in Suspension$h[electronic resource]
=260  \\$aCambridge, MA$bMyJoVE Corp$c2016
=300  \\$aonline resource (702 seconds)
=490  0\$aBiology
=500  \\$aTitle from resource description page
=520  \\$aLaboratory-scale production of eukaryotic proteins with appropriate post-translational modification represents a significant barrier. Here is a robust protocol with rapid establishment and turnaround for protein expression using a mammalian expression system. This system supports selective amino acid, selective labeling of proteins and small molecule modulators of glycan composition.
=521  \\$aFor undergraduate, graduate, and professional students
=546  \\$aEnglish
=650  \0$aBiology
=856  40$uhttps://www.jove.com/video/53568
=945  \\$aThe Whole World

