=LDR  00855ngm a2200000i 4500
=001  JoVEMedicine53486
=008  161201s2016\\\\xx\\\\\g\\\\\\s\\\\\eng\d
=035  \\$a(OCoLC)733445860
=040  \\$aVaAlASP$cVaAlASP
=100  1\$aBeaumont,Kimberley A.
=245  12$aImaging- and Flow Cytometry-based Analysis of Cell Position and the Cell Cycle in 3D Melanoma Spheroids$h[electronic resource]
=260  \\$aCambridge, MA$bMyJoVE Corp$c2016
=300  \\$aonline resource (644 seconds)
=490  0\$aMedicine
=500  \\$aTitle from resource description page
=520  \\$aWe describe two complementary methods using the fluorescence ubiquitination cell cycle indicator (FUCCI) and image analysis or flow cytometry to identify and isolate cells in the inner G1 arrested and outer proliferating regions of 3D spheroids. 
=521  \\$aFor undergraduate, graduate, and professional students
=546  \\$aEnglish
=650  \0$aMedicine
=856  40$uhttps://www.jove.com/video/53486
=945  \\$aThe Whole World

