=LDR  01010ngm a2200000i 4500
=001  JoVEMedicine53215
=008  161201s2016\\\\xx\\\\\g\\\\\\s\\\\\eng\d
=035  \\$a(OCoLC)733445860
=040  \\$aVaAlASP$cVaAlASP
=100  1\$aJiang,Yanwen
=245  12$aVDJ-Seq: Deep Sequencing Analysis of Rearranged Immunoglobulin Heavy Chain Gene to Reveal Clonal Evolution Patterns of B Cell Lymphoma$h[electronic resource]
=260  \\$aCambridge, MA$bMyJoVE Corp$c2016
=300  \\$aonline resource (907 seconds)
=490  0\$aMedicine
=500  \\$aTitle from resource description page
=520  \\$aThis protocol describes an approach to interrogate the recombined immunoglobulin heavy chain VDJ regions of lymphomas by deep-sequencing and retrieve VDJ rearrangement and somatic hypermutation status to delineate clonal architecture of individual tumor. Comparing clonal architecture between paired diagnosis and relapse samples reveals lymphoma relapse clonal evolution modes. 
=521  \\$aFor undergraduate, graduate, and professional students
=546  \\$aEnglish
=650  \0$aMedicine
=856  40$uhttps://www.jove.com/video/53215
=945  \\$aThe Whole World

