=LDR  00972ngm a2200000i 4500
=001  JoVEMedicine53542
=008  161201s2016\\\\xx\\\\\g\\\\\\s\\\\\eng\d
=035  \\$a(OCoLC)733445860
=040  \\$aVaAlASP$cVaAlASP
=100  1\$aKasschau,Margaret
=245  12$a A Protocol for the Use of Remotely-Supervised Transcranial Direct Current Stimulation (tDCS) in Multiple Sclerosis (MS)$h[electronic resource]
=260  \\$aCambridge, MA$bMyJoVE Corp$c2016
=300  \\$aonline resource (498 seconds)
=490  0\$aMedicine
=500  \\$aTitle from resource description page
=520  \\$aThe goal of this pilot study is to describe a protocol for the remotely-supervised delivery of transcranial direct current stimulation (tDCS) so that the procedure maintains standards of in-clinic practice, including safety, reproducibility, and tolerability. The feasibility of this protocol was tested in participants with multiple sclerosis (MS). 
=521  \\$aFor undergraduate, graduate, and professional students
=546  \\$aEnglish
=650  \0$aMedicine
=856  40$uhttps://www.jove.com/video/53542
=945  \\$aThe Whole World

