=LDR  00847ngm a2200000i 4500
=001  JoVEBiology53551
=008  161201s2016\\\\xx\\\\\g\\\\\\s\\\\\eng\d
=035  \\$a(OCoLC)733445860
=040  \\$aVaAlASP$cVaAlASP
=100  1\$aDemonbreun,Alexis  R.
=245  12$aDNA Electroporation, Isolation and Imaging of Myofibers$h[electronic resource]
=260  \\$aCambridge, MA$bMyJoVE Corp$c2016
=300  \\$aonline resource (472 seconds)
=490  0\$aBiology
=500  \\$aTitle from resource description page
=520  \\$aThis protocol utilizes electroporation to introduce and express fluorescently labeled proteins in mouse muscle fibers. Following recovery after electroporation, fibers are isolated. Individual fibers are then imaged using high resolution confocal microscopy to visualize muscle structure. 
=521  \\$aFor undergraduate, graduate, and professional students
=546  \\$aEnglish
=650  \0$aBiology
=856  40$uhttps://www.jove.com/video/53551
=945  \\$aThe Whole World

