=LDR  00913ngm a2200000i 4500
=001  JoVEBiology53384
=008  161201s2016\\\\xx\\\\\g\\\\\\s\\\\\eng\d
=035  \\$a(OCoLC)733445860
=040  \\$aVaAlASP$cVaAlASP
=100  1\$aOrmiston,Mark  L.
=245  12$aGeneration and Culture of Blood Outgrowth Endothelial Cells from Human Peripheral Blood$h[electronic resource]
=260  \\$aCambridge, MA$bMyJoVE Corp$c2016
=300  \\$aonline resource (660 seconds)
=490  0\$aBiology
=500  \\$aTitle from resource description page
=520  \\$aThis protocol allows for the reliable generation and characterization of blood outgrowth endothelial cells (BOECs) from a small volume of adult peripheral blood. BOECs can be used as a surrogate for endothelial cells from patients with vascular disorders and as a substrate for the generation of induced pluripotent stem cells.
=521  \\$aFor undergraduate, graduate, and professional students
=546  \\$aEnglish
=650  \0$aBiology
=856  40$uhttps://www.jove.com/video/53384
=945  \\$aThe Whole World

