=LDR  00859ngm a2200000i 4500
=001  JoVEBiology53445
=008  161201s2016\\\\xx\\\\\g\\\\\\s\\\\\eng\d
=035  \\$a(OCoLC)733445860
=040  \\$aVaAlASP$cVaAlASP
=100  1\$aKober,Daniel  L.
=245  12$aEfficient Mammalian Cell Expression and Single-step Purification of Extracellular Glycoproteins for Crystallization$h[electronic resource]
=260  \\$aCambridge, MA$bMyJoVE Corp$c2016
=300  \\$aonline resource (428 seconds)
=490  0\$aBiology
=500  \\$aTitle from resource description page
=520  \\$aThis is a quick, cost-efficient protocol for the production of secreted, glycosylated mammalian proteins and subsequent single-step purification with sufficient yields of homogenous protein for X-ray crystallography and other biophysical studies.
=521  \\$aFor undergraduate, graduate, and professional students
=546  \\$aEnglish
=650  \0$aBiology
=856  40$uhttps://www.jove.com/video/53445
=945  \\$aThe Whole World

