=LDR  00862ngm a2200000i 4500
=001  JoVEBiology53407
=008  161201s2016\\\\xx\\\\\g\\\\\\s\\\\\eng\d
=035  \\$a(OCoLC)733445860
=040  \\$aVaAlASP$cVaAlASP
=100  1\$aSchellhaus,Anna K.
=245  12$aA Cell Free Assay to Study Chromatin Decondensation at the End of Mitosis$h[electronic resource]
=260  \\$aCambridge, MA$bMyJoVE Corp$c2016
=300  \\$aonline resource (664 seconds)
=490  0\$aBiology
=500  \\$aTitle from resource description page
=520  \\$aThe molecular mechanisms of the decondensation of highly compacted mitotic chromatin are ill-defined. We present a cell-free assay based on mitotic chromatin clusters isolated from HeLa cells and Xenopus laevis egg extract that faithfully reconstitutes the decondensation process in vitro.
=521  \\$aFor undergraduate, graduate, and professional students
=546  \\$aEnglish
=650  \0$aBiology
=856  40$uhttps://www.jove.com/video/53407
=945  \\$aThe Whole World

