=LDR  00898ngm a2200000i 4500
=001  JoVEBiology53476
=008  161201s2016\\\\xx\\\\\g\\\\\\s\\\\\eng\d
=035  \\$a(OCoLC)733445860
=040  \\$aVaAlASP$cVaAlASP
=100  1\$aPaul,Heather  A.
=245  12$aMilk Collection in the Rat Using Capillary Tubes and Estimation of Milk Fat Content by Creamatocrit$h[electronic resource]
=260  \\$aCambridge, MA$bMyJoVE Corp$c2016
=300  \\$aonline resource (458 seconds)
=490  0\$aBiology
=500  \\$aTitle from resource description page
=520  \\$aMilk is a primary source of nutrition for the neonate. Analysis of milk components may provide insight into maternal factors that affect offspring health. This protocol describes a manual method of collecting milk samples from the lactating rat, which can then be used for further downstream analysis.
=521  \\$aFor undergraduate, graduate, and professional students
=546  \\$aEnglish
=650  \0$aBiology
=856  40$uhttps://www.jove.com/video/53476
=945  \\$aThe Whole World

