=LDR  00777ngm a2200000i 4500
=001  JoVEBiology53470
=008  161201s2016\\\\xx\\\\\g\\\\\\s\\\\\eng\d
=035  \\$a(OCoLC)733445860
=040  \\$aVaAlASP$cVaAlASP
=100  1\$aAliyeva-Schnorr,Lala
=245  12$aA Fast Air-dry Dropping Chromosome Preparation Method Suitable for FISH in Plants$h[electronic resource]
=260  \\$aCambridge, MA$bMyJoVE Corp$c2016
=300  \\$aonline resource (548 seconds)
=490  0\$aBiology
=500  \\$aTitle from resource description page
=520  \\$aA protocol is described for the preparation of high-quality mitotic plant chromosome spreads by a fast air-dry dropping method suitable for the FISH detection of single and high copy DNA probes.
=521  \\$aFor undergraduate, graduate, and professional students
=546  \\$aEnglish
=650  \0$aBiology
=856  40$uhttps://www.jove.com/video/53470
=945  \\$aThe Whole World

