=LDR  00900ngm a2200000i 4500
=001  JoVEBiology53469
=008  161201s2016\\\\xx\\\\\g\\\\\\s\\\\\eng\d
=035  \\$a(OCoLC)733445860
=040  \\$aVaAlASP$cVaAlASP
=100  1\$aDutta,Priyanka
=245  12$aTracking and Quantifying Developmental Processes in C. elegans Using Open-source Tools$h[electronic resource]
=260  \\$aCambridge, MA$bMyJoVE Corp$c2016
=300  \\$aonline resource (641 seconds)
=490  0\$aBiology
=500  \\$aTitle from resource description page
=520  \\$aHere it is shown how to track and quantify developmental processes in C. elegans. The methods presented are based on open-source tools that can be easily implemented. It is demonstrated how to reconstruct 3D cell-shape models, how to manually track subcellular structures, and how to analyze cortical contractile flow.
=521  \\$aFor undergraduate, graduate, and professional students
=546  \\$aEnglish
=650  \0$aBiology
=856  40$uhttps://www.jove.com/video/53469
=945  \\$aThe Whole World

