=LDR  00956ngm a2200000i 4500
=001  JoVEBiology53464
=008  161201s2016\\\\xx\\\\\g\\\\\\s\\\\\eng\d
=035  \\$a(OCoLC)733445860
=040  \\$aVaAlASP$cVaAlASP
=100  1\$aMookerjee,Shona  A.
=245  12$aMeasurement and Analysis of Extracellular Acid Production to Determine Glycolytic Rate$h[electronic resource]
=260  \\$aCambridge, MA$bMyJoVE Corp$c2016
=300  \\$aonline resource (407 seconds)
=490  0\$aBiology
=500  \\$aTitle from resource description page
=520  \\$aGlycolysis is a defining metabolic marker in multiple biological systems. Monitoring glycolysis by measuring the extracellular flux of H+ is common, but requires correction to be quantitative and unambiguous. Here, we demonstrate how to gather and correct extracellular flux data to distinguish between respiratory and glycolytic sources of extracellular acidification.
=521  \\$aFor undergraduate, graduate, and professional students
=546  \\$aEnglish
=650  \0$aBiology
=856  40$uhttps://www.jove.com/video/53464
=945  \\$aThe Whole World

