=LDR  00902ngm a2200000i 4500
=001  JoVEBiology53437
=008  161201s2016\\\\xx\\\\\g\\\\\\s\\\\\eng\d
=035  \\$a(OCoLC)733445860
=040  \\$aVaAlASP$cVaAlASP
=100  1\$aHigaki,Takumi
=245  12$aReal-time Imaging of Plant Cell Surface Dynamics with Variable-angle Epifluorescence Microscopy$h[electronic resource]
=260  \\$aCambridge, MA$bMyJoVE Corp$c2016
=300  \\$aonline resource (391 seconds)
=490  0\$aBiology
=500  \\$aTitle from resource description page
=520  \\$aThe goal of this protocol is to demonstrate how to monitor fluorescently-tagged protein dynamics on plant cell surfaces with variable-angle epifluorescence microscopy, showing blinking dots of GFP-tagged PATROL1, a membrane trafficking protein, in the cell cortex of the stomatal complex in Arabidopsis thaliana.
=521  \\$aFor undergraduate, graduate, and professional students
=546  \\$aEnglish
=650  \0$aBiology
=856  40$uhttps://www.jove.com/video/53437
=945  \\$aThe Whole World

