=LDR  00842ngm a2200000i 4500
=001  JoVEBiology53318
=008  161201s2016\\\\xx\\\\\g\\\\\\s\\\\\eng\d
=035  \\$a(OCoLC)733445860
=040  \\$aVaAlASP$cVaAlASP
=100  1\$aRazafsky,David
=245  12$aValidation of a Mouse Model to Disrupt LINC Complexes in a Cell-specific Manner$h[electronic resource]
=260  \\$aCambridge, MA$bMyJoVE Corp$c2016
=300  \\$aonline resource (542 seconds)
=490  0\$aBiology
=500  \\$aTitle from resource description page
=520  \\$aNuclear envelope proteins play a central role in many basic biological processes and have been implicated in a variety of human diseases.  This protocol describes a new Cre/Lox-based mouse model that allows for the spatiotemporal control of LINC complexes disruption.
=521  \\$aFor undergraduate, graduate, and professional students
=546  \\$aEnglish
=650  \0$aBiology
=856  40$uhttps://www.jove.com/video/53318
=945  \\$aThe Whole World

