=LDR  00972ngm a2200000i 4500
=001  JoVEMedicine53169
=008  161201s2016\\\\xx\\\\\g\\\\\\s\\\\\eng\d
=035  \\$a(OCoLC)733445860
=040  \\$aVaAlASP$cVaAlASP
=100  1\$aSpelman,Tim
=245  12$aA Method of Trigonometric Modelling of Seasonal Variation Demonstrated with Multiple Sclerosis Relapse Data$h[electronic resource]
=260  \\$aCambridge, MA$bMyJoVE Corp$c2016
=300  \\$aonline resource (646 seconds)
=490  0\$aMedicine
=500  \\$aTitle from resource description page
=520  \\$aCombining plot analysis with trigonometric regression is a robust method for exploring complex, cyclical phenomena such as relapse onset timing in multiple sclerosis (MS). This method enabled unbiased characterisation of seasonal trends in relapse onset permitting novel inferences around the influence of seasonal variation, ultraviolet radiation (UVR) and latitude.  
=521  \\$aFor undergraduate, graduate, and professional students
=546  \\$aEnglish
=650  \0$aMedicine
=856  40$uhttps://www.jove.com/video/53169
=945  \\$aThe Whole World

