=LDR  00981ngm a2200000i 4500
=001  JoVEMedicine52879
=008  161201s2016\\\\xx\\\\\g\\\\\\s\\\\\eng\d
=035  \\$a(OCoLC)733445860
=040  \\$aVaAlASP$cVaAlASP
=100  1\$aKorpal,Manav
=245  12$aImplementation of In Vitro Drug Resistance Assays: Maximizing the Potential for Uncovering Clinically Relevant Resistance Mechanisms$h[electronic resource]
=260  \\$aCambridge, MA$bMyJoVE Corp$c2016
=300  \\$aonline resource (526 seconds)
=490  0\$aMedicine
=500  \\$aTitle from resource description page
=520  \\$aDrug resistance to targeted therapeutics is widespread and the need to identify mechanisms of resistance--prior to or following clinical onset--is critical for guiding alternative clinical management strategies. Here, we present a protocol to couple derivation of drug-resistant lines in vitro with sequencing to expedite discovery of these mechanisms.
=521  \\$aFor undergraduate, graduate, and professional students
=546  \\$aEnglish
=650  \0$aMedicine
=856  40$uhttps://www.jove.com/video/52879
=945  \\$aThe Whole World

