=LDR  00896ngm a2200000i 4500
=001  JoVEBiology53179
=008  161201s2016\\\\xx\\\\\g\\\\\\s\\\\\eng\d
=035  \\$a(OCoLC)733445860
=040  \\$aVaAlASP$cVaAlASP
=100  1\$aHonvo-Houéto,Edith
=245  12$aIndirect Immunofluorescence on Frozen Sections of Mouse Mammary Gland$h[electronic resource]
=260  \\$aCambridge, MA$bMyJoVE Corp$c2016
=300  \\$aonline resource (673 seconds)
=490  0\$aBiology
=500  \\$aTitle from resource description page
=520  \\$aThe indirect immunofluorescence protocol described in this article allows the detection and the localization of proteins in the mouse mammary gland. A complete method is given to prepare mammary gland samples, to perform immunohistochemistry, to image the tissue sections by fluorescence microscopy, and to reconstruct images.
=521  \\$aFor undergraduate, graduate, and professional students
=546  \\$aEnglish
=650  \0$aBiology
=856  40$uhttps://www.jove.com/video/53179
=945  \\$aThe Whole World

