=LDR  00870ngm a2200000i 4500
=001  JoVEMedicine52227
=008  161201s2016\\\\xx\\\\\g\\\\\\s\\\\\eng\d
=035  \\$a(OCoLC)733445860
=040  \\$aVaAlASP$cVaAlASP
=100  1\$aWeckle,Amy
=245  12$aRapid Fractionation and Isolation of Whole Blood Components in Samples Obtained from a Community-based Setting$h[electronic resource]
=260  \\$aCambridge, MA$bMyJoVE Corp$c2016
=300  \\$aonline resource (691 seconds)
=490  0\$aMedicine
=500  \\$aTitle from resource description page
=520  \\$aWe outline a methodology for the processing of whole blood to obtain a variety of components for further analysis. We have optimized a streamlined protocol that enables rapid, high-throughput simultaneous processing of whole blood samples in a non-clinical setting.
=521  \\$aFor undergraduate, graduate, and professional students
=546  \\$aEnglish
=650  \0$aMedicine
=856  40$uhttps://www.jove.com/video/52227
=945  \\$aThe Whole World

