=LDR  00878ngm a2200000i 4500
=001  JoVEMedicine52402
=008  161201s2016\\\\xx\\\\\g\\\\\\s\\\\\eng\d
=035  \\$a(OCoLC)733445860
=040  \\$aVaAlASP$cVaAlASP
=100  1\$aWang,Yan
=245  12$aRat Model of Photochemically-Induced Posterior Ischemic Optic Neuropathy$h[electronic resource]
=260  \\$aCambridge, MA$bMyJoVE Corp$c2016
=300  \\$aonline resource (894 seconds)
=490  0\$aMedicine
=500  \\$aTitle from resource description page
=520  \\$aThe goal of this protocol is to photochemically induce ischemic injury to the posterior optic nerve in rat. This model is critical to studies of the pathophysiology of posterior ischemic optic neuropathy, and therapeutic approaches for this and other optic neuropathies, as well as of other CNS ischemic diseases.
=521  \\$aFor undergraduate, graduate, and professional students
=546  \\$aEnglish
=650  \0$aMedicine
=856  40$uhttps://www.jove.com/video/52402
=945  \\$aThe Whole World

