=LDR  00771ngm a2200000i 4500
=001  JoVEMedicine53405
=008  161201s2016\\\\xx\\\\\g\\\\\\s\\\\\eng\d
=035  \\$a(OCoLC)733445860
=040  \\$aVaAlASP$cVaAlASP
=100  1\$aLugli,Giovanni
=245  12$aLaser-capture Microdissection of Human Prostatic Epithelium for RNA Analysis$h[electronic resource]
=260  \\$aCambridge, MA$bMyJoVE Corp$c2016
=300  \\$aonline resource (462 seconds)
=490  0\$aMedicine
=500  \\$aTitle from resource description page
=520  \\$aThe goal of this protocol is to use laser-capture micro-dissection as an effective method to isolate pure populations of cell types from heterogeneous prostate tissues for downstream RNA analysis.
=521  \\$aFor undergraduate, graduate, and professional students
=546  \\$aEnglish
=650  \0$aMedicine
=856  40$uhttps://www.jove.com/video/53405
=945  \\$aThe Whole World

