=LDR  00810ngm a2200000i 4500
=001  JoVEMedicine53189
=008  161201s2016\\\\xx\\\\\g\\\\\\s\\\\\eng\d
=035  \\$a(OCoLC)733445860
=040  \\$aVaAlASP$cVaAlASP
=100  1\$aReuben,Alexandre
=245  12$aWorking with Human Tissues for Translational Cancer Research$h[electronic resource]
=260  \\$aCambridge, MA$bMyJoVE Corp$c2016
=300  \\$aonline resource (468 seconds)
=490  0\$aMedicine
=500  \\$aTitle from resource description page
=520  \\$aTranslational cancer research is dependent on extraction of human tissues. Much work has gone into optimizing extraction methods for ex vivo analysis. Here, we describe tissue processing methods allowing for maximal data output from limited samples.
=521  \\$aFor undergraduate, graduate, and professional students
=546  \\$aEnglish
=650  \0$aMedicine
=856  40$uhttps://www.jove.com/video/53189
=945  \\$aThe Whole World

