=LDR  00997ngm a2200000i 4500
=001  JoVEMedicine53131
=008  161201s2016\\\\xx\\\\\g\\\\\\s\\\\\eng\d
=035  \\$a(OCoLC)733445860
=040  \\$aVaAlASP$cVaAlASP
=100  1\$aStevens,Shawn M.
=245  12$aThe Mouse Round-window Approach for Ototoxic Agent Delivery: A Rapid and Reliable Technique for Inducing Cochlear Cell Degeneration$h[electronic resource]
=260  \\$aCambridge, MA$bMyJoVE Corp$c2016
=300  \\$aonline resource (741 seconds)
=490  0\$aMedicine
=500  \\$aTitle from resource description page
=520  \\$aVarious methods exist for introducing ototoxic agents to the cochleae of animal models. Presented is a surgical protocol for delivery of ototoxic agents to the round window niche. The procedure is reliable, creates targeted intra-cochlear lesions, and avoids mechanical damage to the microarchitecture. Examination of cochlear self-repair/regeneration is possible. 
=521  \\$aFor undergraduate, graduate, and professional students
=546  \\$aEnglish
=650  \0$aMedicine
=856  40$uhttps://www.jove.com/video/53131
=945  \\$aThe Whole World

