=LDR  00960ngm a2200000i 4500
=001  JoVEBiology53144
=008  161201s2016\\\\xx\\\\\g\\\\\\s\\\\\eng\d
=035  \\$a(OCoLC)733445860
=040  \\$aVaAlASP$cVaAlASP
=100  1\$aSchellinger,Jeffrey  N.
=245  12$aUse of the Ramsay Assay to Measure Fluid Secretion and Ion Flux Rates in the Drosophila melanogaster Malpighian Tubule$h[electronic resource]
=260  \\$aCambridge, MA$bMyJoVE Corp$c2016
=300  \\$aonline resource (810 seconds)
=490  0\$aBiology
=500  \\$aTitle from resource description page
=520  \\$aThis protocol describes the use of the Ramsay assay to measure fluid secretion rates from isolated Malpighian (renal) tubules from Drosophila melanogaster. In addition, the use of ion-specific electrodes to measure sodium and potassium concentrations in the secreted fluid, allowing calculation of transepithelial ion flux, is described.
=521  \\$aFor undergraduate, graduate, and professional students
=546  \\$aEnglish
=650  \0$aBiology
=856  40$uhttps://www.jove.com/video/53144
=945  \\$aThe Whole World

