=LDR  00912ngm a2200000i 4500
=001  JoVEBiology53386
=008  161201s2016\\\\xx\\\\\g\\\\\\s\\\\\eng\d
=035  \\$a(OCoLC)733445860
=040  \\$aVaAlASP$cVaAlASP
=100  1\$aJenkin,Seamus
=245  12$aIsolation and Compositional Analysis of Plant Cuticle Lipid Polyester Monomers$h[electronic resource]
=260  \\$aCambridge, MA$bMyJoVE Corp$c2016
=300  \\$aonline resource (587 seconds)
=490  0\$aBiology
=500  \\$aTitle from resource description page
=520  \\$aLipid polyesters constitute the structural components of two cell wall modifications, the plant cuticle and suberin-containing diffusion barriers. In this video, we describe a method to depolymerize cutin from whole delipidated leaves. The method can be applied to investigating mutants compromised in either cutin or suberin biosynthesis.
=521  \\$aFor undergraduate, graduate, and professional students
=546  \\$aEnglish
=650  \0$aBiology
=856  40$uhttps://www.jove.com/video/53386
=945  \\$aThe Whole World

