=LDR  00865ngm a2200000i 4500
=001  JoVEMedicine53409
=008  161201s2016\\\\xx\\\\\g\\\\\\s\\\\\eng\d
=035  \\$a(OCoLC)733445860
=040  \\$aVaAlASP$cVaAlASP
=100  1\$aBerens,Eric  B.
=245  12$aA Cancer Cell Spheroid Assay to Assess Invasion in a 3D Setting$h[electronic resource]
=260  \\$aCambridge, MA$bMyJoVE Corp$c2016
=300  \\$aonline resource (334 seconds)
=490  0\$aMedicine
=500  \\$aTitle from resource description page
=520  \\$aThis method evaluates cancer cell invasion from spheroids into a surrounding 3D matrix.  Spheroids are generated via the hanging drop culture method and then embedded in a matrix comprised of basement membrane materials and type I collagen.  Invasion out of the spheroids is subsequently monitored.    
=521  \\$aFor undergraduate, graduate, and professional students
=546  \\$aEnglish
=650  \0$aMedicine
=856  40$uhttps://www.jove.com/video/53409
=945  \\$aThe Whole World

