=LDR  01030ngm a2200000i 4500
=001  JoVEMedicine53196
=008  161201s2016\\\\xx\\\\\g\\\\\\s\\\\\eng\d
=035  \\$a(OCoLC)733445860
=040  \\$aVaAlASP$cVaAlASP
=100  1\$aJantzie,Lauren  L.
=245  12$aModeling Encephalopathy of Prematurity Using Prenatal Hypoxia-ischemia with Intra-amniotic Lipopolysaccharide in Rats$h[electronic resource]
=260  \\$aCambridge, MA$bMyJoVE Corp$c2016
=300  \\$aonline resource (456 seconds)
=490  0\$aMedicine
=500  \\$aTitle from resource description page
=520  \\$aEncephalopathy of prematurity encompasses the central nervous system abnormalities associated with injury from preterm birth. This report describes a clinically relevant rat model of in utero transient systemic hypoxia-ischemia and intra-amniotic lipopolysaccharide administration (LPS) that mimics chorioamnionitis, and the related impact of infectious stimuli and placental underperfusion on CNS development.
=521  \\$aFor undergraduate, graduate, and professional students
=546  \\$aEnglish
=650  \0$aMedicine
=856  40$uhttps://www.jove.com/video/53196
=945  \\$aThe Whole World

