=LDR  00870ngm a2200000i 4500
=001  JoVEMedicine53125
=008  161201s2016\\\\xx\\\\\g\\\\\\s\\\\\eng\d
=035  \\$a(OCoLC)733445860
=040  \\$aVaAlASP$cVaAlASP
=100  1\$avan Veluw,Susanne J.
=245  12$aAssessing Cortical Cerebral Microinfarcts on High Resolution MR Images$h[electronic resource]
=260  \\$aCambridge, MA$bMyJoVE Corp$c2016
=300  \\$aonline resource (519 seconds)
=490  0\$aMedicine
=500  \\$aTitle from resource description page
=520  \\$aA high resolution ex vivo 7T MR imaging protocol is presented, to perform MR-guided histopathological validation of microvascular pathology in post-mortem human brain tissue. Furthermore, guidelines are provided for the assessment of cortical microinfarcts on in vivo 7T as well as 3T MR images.
=521  \\$aFor undergraduate, graduate, and professional students
=546  \\$aEnglish
=650  \0$aMedicine
=856  40$uhttps://www.jove.com/video/53125
=945  \\$aThe Whole World

