=LDR  01064ngm a2200000i 4500
=001  JoVEBiology53362
=008  161201s2016\\\\xx\\\\\g\\\\\\s\\\\\eng\d
=035  \\$a(OCoLC)733445860
=040  \\$aVaAlASP$cVaAlASP
=100  1\$aNajem,Joseph  S.
=245  12$aMultifunctional, Micropipette-based Method for Incorporation And Stimulation of Bacterial Mechanosensitive Ion Channels in Droplet Interface Bilayers$h[electronic resource]
=260  \\$aCambridge, MA$bMyJoVE Corp$c2016
=300  \\$aonline resource (594 seconds)
=490  0\$aBiology
=500  \\$aTitle from resource description page
=520  \\$aBacterial mechanosensitive channels can be used as mechanoelectrical transducers in biomolecular devices.  Droplet interface bilayers (DIBs), cell-inspired building blocks to such devices, represent new platforms to incorporate and stimulate mechanosensitive channels.  Here, we demonstrate a new micropipette-based method of forming DIBs, allowing the study of mechanosensitive channels under mechanical stimulation.
=521  \\$aFor undergraduate, graduate, and professional students
=546  \\$aEnglish
=650  \0$aBiology
=856  40$uhttps://www.jove.com/video/53362
=945  \\$aThe Whole World

