=LDR  00946ngm a2200000i 4500
=001  JoVEBiology53217
=008  161201s2016\\\\xx\\\\\g\\\\\\s\\\\\eng\d
=035  \\$a(OCoLC)733445860
=040  \\$aVaAlASP$cVaAlASP
=100  1\$aBoutagy,Nabil  E.
=245  12$aIsolation of Mitochondria from Minimal Quantities of Mouse Skeletal Muscle for High Throughput Microplate Respiratory Measurements$h[electronic resource]
=260  \\$aCambridge, MA$bMyJoVE Corp$c2016
=300  \\$aonline resource (612 seconds)
=490  0\$aBiology
=500  \\$aTitle from resource description page
=520  \\$aHere, we present a modification of a previously reported method that allows for the isolation of high quality and purified mitochondria from smaller quantities of mouse skeletal muscle. This procedure results in highly coupled mitochondria that respire with high function during microplate based respirometirc assays.
=521  \\$aFor undergraduate, graduate, and professional students
=546  \\$aEnglish
=650  \0$aBiology
=856  40$uhttps://www.jove.com/video/53217
=945  \\$aThe Whole World

