=LDR  00930ngm a2200000i 4500
=001  JoVEBiology53268
=008  161201s2016\\\\xx\\\\\g\\\\\\s\\\\\eng\d
=035  \\$a(OCoLC)733445860
=040  \\$aVaAlASP$cVaAlASP
=100  1\$aLahm,Harald
=245  12$aDetection of Intracellular Gene Expression in Live Cells of Murine, Human and Porcine Origin Using Fluorescence-labeled Nanoparticles$h[electronic resource]
=260  \\$aCambridge, MA$bMyJoVE Corp$c2016
=300  \\$aonline resource (494 seconds)
=490  0\$aBiology
=500  \\$aTitle from resource description page
=520  \\$aThis manuscript describes a novel technique which allows the detection of intracellular gene expression after endocytosis of fluorescence-labeled nanoparticles directly in live cells. The method does not require manipulation of the cells and is not restricted with respect to the target gene or species. 
=521  \\$aFor undergraduate, graduate, and professional students
=546  \\$aEnglish
=650  \0$aBiology
=856  40$uhttps://www.jove.com/video/53268
=945  \\$aThe Whole World

