=LDR  00831ngm a2200000i 4500
=001  JoVEMedicine52424
=008  161201s2016\\\\xx\\\\\g\\\\\\s\\\\\eng\d
=035  \\$a(OCoLC)733445860
=040  \\$aVaAlASP$cVaAlASP
=100  1\$aShokati,Touraj
=245  12$aQuantification of the Immunosuppressant Tacrolimus on Dried Blood Spots Using LC-MS/MS$h[electronic resource]
=260  \\$aCambridge, MA$bMyJoVE Corp$c2016
=300  \\$aonline resource (518 seconds)
=490  0\$aMedicine
=500  \\$aTitle from resource description page
=520  \\$aHere we describe a high-performance liquid chromatography-tandem mass spectrometry (HPLC-MS/MS) assay to quantify the immunosuppressant tacrolimus in dried blood spots using a simple manual protein precipitation step and online column extraction.
=521  \\$aFor undergraduate, graduate, and professional students
=546  \\$aEnglish
=650  \0$aMedicine
=856  40$uhttps://www.jove.com/video/52424
=945  \\$aThe Whole World

