=LDR  00931ngm a2200000i 4500
=001  JoVEMedicine53304
=008  161201s2016\\\\xx\\\\\g\\\\\\s\\\\\eng\d
=035  \\$a(OCoLC)733445860
=040  \\$aVaAlASP$cVaAlASP
=100  1\$aChadwick,Emily  J.
=245  12$aA Brain Tumor/Organotypic Slice Co-culture System for Studying Tumor Microenvironment and Targeted Drug Therapies$h[electronic resource]
=260  \\$aCambridge, MA$bMyJoVE Corp$c2016
=300  \\$aonline resource (613 seconds)
=490  0\$aMedicine
=500  \\$aTitle from resource description page
=520  \\$aMany types of human brain tumors are localized to specific regions within the brain and are difficult to grow in culture. This protocol addresses the role of tumor microenvironment and investigates new drug treatments by analyzing fluorescent primary brain tumor cells growing in an organotypic mouse brain slice.  
=521  \\$aFor undergraduate, graduate, and professional students
=546  \\$aEnglish
=650  \0$aMedicine
=856  40$uhttps://www.jove.com/video/53304
=945  \\$aThe Whole World

