=LDR  00972ngm a2200000i 4500
=001  JoVEMedicine53133
=008  161201s2016\\\\xx\\\\\g\\\\\\s\\\\\eng\d
=035  \\$a(OCoLC)733445860
=040  \\$aVaAlASP$cVaAlASP
=100  1\$aNoly,Pierre-Emmanuel
=245  12$aChronic Thromboembolic Pulmonary Hypertension and Assessment of Right Ventricular Function in the Piglet$h[electronic resource]
=260  \\$aCambridge, MA$bMyJoVE Corp$c2016
=300  \\$aonline resource (562 seconds)
=490  0\$aMedicine
=500  \\$aTitle from resource description page
=520  \\$aChronic Thromboembolic Pulmonary Hypertension (CTEPH) and Right Ventricular (RV) dysfunction were induced in piglets by progressive obstruction of the pulmonary arteries. Consequences were remarkably similar to those observed in CTEPH patients. This animal model would be a very useful tool for pathophysiology and therapeutic experiments on CTEPH and RV failure.
=521  \\$aFor undergraduate, graduate, and professional students
=546  \\$aEnglish
=650  \0$aMedicine
=856  40$uhttps://www.jove.com/video/53133
=945  \\$aThe Whole World

