=LDR  00861ngm a2200000i 4500
=001  JoVEMedicine53319
=008  161201s2016\\\\xx\\\\\g\\\\\\s\\\\\eng\d
=035  \\$a(OCoLC)733445860
=040  \\$aVaAlASP$cVaAlASP
=100  1\$aKlarquist,Jared
=245  12$aThe bm12 Inducible Model of Systemic Lupus Erythematosus (SLE) in C57BL/6 Mice$h[electronic resource]
=260  \\$aCambridge, MA$bMyJoVE Corp$c2016
=300  \\$aonline resource (724 seconds)
=490  0\$aMedicine
=500  \\$aTitle from resource description page
=520  \\$aThe transfer of bm12 lymphocytes into a C57BL/6 recipient is an established model of systemic lupus erythematosus. Here we describe how to initiate disease using this model and how to characterize T follicular helper cells, germinal center B cells and plasma cells by flow cytometry.
=521  \\$aFor undergraduate, graduate, and professional students
=546  \\$aEnglish
=650  \0$aMedicine
=856  40$uhttps://www.jove.com/video/53319
=945  \\$aThe Whole World

