=LDR  01010ngm a2200000i 4500
=001  JoVEMedicine53088
=008  161201s2016\\\\xx\\\\\g\\\\\\s\\\\\eng\d
=035  \\$a(OCoLC)733445860
=040  \\$aVaAlASP$cVaAlASP
=100  1\$aCheng,Cynthia
=245  12$aA Reproducible Computerized Method for Quantitation of Capillary Density using Nailfold Capillaroscopy$h[electronic resource]
=260  \\$aCambridge, MA$bMyJoVE Corp$c2016
=300  \\$aonline resource (317 seconds)
=490  0\$aMedicine
=500  \\$aTitle from resource description page
=520  \\$aCapillaroscopy is a non-invasive, efficient, relatively inexpensive and easy-to-learn methodology for directly visualizing capillaries in the microcirculation.  However, only one publication to date describes the reliability of a complex software program available for quantitating capillaroscopy data.  Here, we present a simple, reliable protocol for quantitating capillaries using a standardized algorithm. 
=521  \\$aFor undergraduate, graduate, and professional students
=546  \\$aEnglish
=650  \0$aMedicine
=856  40$uhttps://www.jove.com/video/53088
=945  \\$aThe Whole World

