=LDR  00690ngm a2200000i 4500
=001  JoVEMedicine53042
=008  161201s2016\\\\xx\\\\\g\\\\\\s\\\\\eng\d
=035  \\$a(OCoLC)733445860
=040  \\$aVaAlASP$cVaAlASP
=100  1\$aYoneda,Mitsuhiro
=245  12$aA Simple Device to Rapidly Prepare Whole Mounts of the Mouse Intestine$h[electronic resource]
=260  \\$aCambridge, MA$bMyJoVE Corp$c2016
=300  \\$aonline resource (349 seconds)
=490  0\$aMedicine
=500  \\$aTitle from resource description page
=520  \\$aThe use of a simple device to cut and 'roll' mouse intestines to rapidly prepare whole mount preparations is described.
=521  \\$aFor undergraduate, graduate, and professional students
=546  \\$aEnglish
=650  \0$aMedicine
=856  40$uhttps://www.jove.com/video/53042
=945  \\$aThe Whole World

