=LDR  00913ngm a2200000i 4500
=001  JoVEBiology52441
=008  161201s2016\\\\xx\\\\\g\\\\\\s\\\\\eng\d
=035  \\$a(OCoLC)733445860
=040  \\$aVaAlASP$cVaAlASP
=100  1\$aNandha Premnath,Padmavathy
=245  12$aDevelopment of Inhibitors of Protein-protein Interactions through REPLACE: Application to the Design and Development Non-ATP Competitive CDK Inhibitors$h[electronic resource]
=260  \\$aCambridge, MA$bMyJoVE Corp$c2016
=300  \\$aonline resource (633 seconds)
=490  0\$aBiology
=500  \\$aTitle from resource description page
=520  \\$aWe describe implementation of the REPLACE strategy for targeting protein-protein interactions. REPLACE is an iterative strategy involving synthetic and computational approaches for the conversion of optimized peptidic inhibitors into drug like molecules.
=521  \\$aFor undergraduate, graduate, and professional students
=546  \\$aEnglish
=650  \0$aBiology
=856  40$uhttps://www.jove.com/video/52441
=945  \\$aThe Whole World

