=LDR  00872ngm a2200000i 4500
=001  JoVEMedicine52858
=008  161201s2016\\\\xx\\\\\g\\\\\\s\\\\\eng\d
=035  \\$a(OCoLC)733445860
=040  \\$aVaAlASP$cVaAlASP
=100  1\$aDas,Dibash K.
=245  12$aA "Patient-Like" Orthotopic Syngeneic Mouse Model of Hepatocellular Carcinoma Metastasis$h[electronic resource]
=260  \\$aCambridge, MA$bMyJoVE Corp$c2016
=300  \\$aonline resource (306 seconds)
=490  0\$aMedicine
=500  \\$aTitle from resource description page
=520  \\$aThe metastatic spread of cancer is the major cause of cancer-related deaths. We provide an in-depth description of our survival surgery methodology for establishing a "patient-like" orthotopic syngeneic mouse model system for studying the mechanisms of metastasis in solid organ tumors.
=521  \\$aFor undergraduate, graduate, and professional students
=546  \\$aEnglish
=650  \0$aMedicine
=856  40$uhttps://www.jove.com/video/52858
=945  \\$aThe Whole World

