=LDR  00927ngm a2200000i 4500
=001  JoVEMedicine53182
=008  161201s2016\\\\xx\\\\\g\\\\\\s\\\\\eng\d
=035  \\$a(OCoLC)733445860
=040  \\$aVaAlASP$cVaAlASP
=100  1\$aWilliams,Estrelania  S.
=245  12$aGeneration of Prostate Cancer Patient Derived Xenograft Models from Circulating Tumor Cells$h[electronic resource]
=260  \\$aCambridge, MA$bMyJoVE Corp$c2016
=300  \\$aonline resource (483 seconds)
=490  0\$aMedicine
=500  \\$aTitle from resource description page
=520  \\$aThis manuscript details a method used to generate prostate cancer patient derived xenografts (PDXs) from circulating tumor cells (CTCs). The generation of PDX models from CTCs provides an alternative experimental model to study prostate cancer; the most commonly diagnosed tumor and a frequent cause of death from cancer in men.
=521  \\$aFor undergraduate, graduate, and professional students
=546  \\$aEnglish
=650  \0$aMedicine
=856  40$uhttps://www.jove.com/video/53182
=945  \\$aThe Whole World

