=LDR  00710ngm a2200000i 4500
=001  JoVEMedicine52848
=008  161201s2016\\\\xx\\\\\g\\\\\\s\\\\\eng\d
=035  \\$a(OCoLC)733445860
=040  \\$aVaAlASP$cVaAlASP
=100  1\$aPlenter,Robert
=245  12$aMurine Kidney Transplant Technique$h[electronic resource]
=260  \\$aCambridge, MA$bMyJoVE Corp$c2016
=300  \\$aonline resource (538 seconds)
=490  0\$aMedicine
=500  \\$aTitle from resource description page
=520  \\$aThe goal of this manuscript is to describe the steps required to perform a kidney transplant in a mouse, paying particular attention to the details of the arterial anastomosis. 
=521  \\$aFor undergraduate, graduate, and professional students
=546  \\$aEnglish
=650  \0$aMedicine
=856  40$uhttps://www.jove.com/video/52848
=945  \\$aThe Whole World

