=LDR  00935ngm a2200000i 4500
=001  JoVEBiology53153
=008  161201s2016\\\\xx\\\\\g\\\\\\s\\\\\eng\d
=035  \\$a(OCoLC)733445860
=040  \\$aVaAlASP$cVaAlASP
=100  1\$aTam,Joshua  H. K.
=245  12$aImaging the Intracellular Trafficking of APP with Photoactivatable GFP$h[electronic resource]
=260  \\$aCambridge, MA$bMyJoVE Corp$c2016
=300  \\$aonline resource (475 seconds)
=490  0\$aBiology
=500  \\$aTitle from resource description page
=520  \\$aWhile the transport of cell surface proteins is relatively easily studied, visualizing the trafficking of intracellular proteins is much more difficult. Here, we use constructs incorporating photoactivatable GFP and demonstrate a method to accurately follow the amyloid precursor protein from the Golgi apparatus to down-stream compartments and follow its clearance.
=521  \\$aFor undergraduate, graduate, and professional students
=546  \\$aEnglish
=650  \0$aBiology
=856  40$uhttps://www.jove.com/video/53153
=945  \\$aThe Whole World

