=LDR  00894ngm a2200000i 4500
=001  JoVEBiology53083
=008  161201s2016\\\\xx\\\\\g\\\\\\s\\\\\eng\d
=035  \\$a(OCoLC)733445860
=040  \\$aVaAlASP$cVaAlASP
=100  1\$aLagido,Cristina
=245  12$aA Screenable In Vivo Assay for Mitochondrial Modulators Using Transgenic Bioluminescent Caenorhabditis elegans$h[electronic resource]
=260  \\$aCambridge, MA$bMyJoVE Corp$c2016
=300  \\$aonline resource (703 seconds)
=490  0\$aBiology
=500  \\$aTitle from resource description page
=520  \\$aA protocol is described for in vivo detection of effects of mitochondrial inhibitors in the model organism Caenorhabditis elegans and for identification of potential enhancing compounds. This protocol can be used to screen drug libraries for compounds modulating mitochondrial function. 
=521  \\$aFor undergraduate, graduate, and professional students
=546  \\$aEnglish
=650  \0$aBiology
=856  40$uhttps://www.jove.com/video/53083
=945  \\$aThe Whole World

