=LDR  00694ngm a2200000i 4500
=001  JoVEMedicine53072
=008  161201s2016\\\\xx\\\\\g\\\\\\s\\\\\eng\d
=035  \\$a(OCoLC)733445860
=040  \\$aVaAlASP$cVaAlASP
=100  1\$aXiao,Lin
=245  12$aIsolation and Culture Expansion of Tumor-specific Endothelial Cells$h[electronic resource]
=260  \\$aCambridge, MA$bMyJoVE Corp$c2016
=300  \\$aonline resource (615 seconds)
=490  0\$aMedicine
=500  \\$aTitle from resource description page
=520  \\$aWe report a reliable method to isolate and culture primary tumor-specific endothelial cells from genetically engineered mouse models. 
=521  \\$aFor undergraduate, graduate, and professional students
=546  \\$aEnglish
=650  \0$aMedicine
=856  40$uhttps://www.jove.com/video/53072
=945  \\$aThe Whole World

