=LDR  00964ngm a2200000i 4500
=001  JoVEMedicine52721
=008  161201s2016\\\\xx\\\\\g\\\\\\s\\\\\eng\d
=035  \\$a(OCoLC)733445860
=040  \\$aVaAlASP$cVaAlASP
=100  1\$aKrishnan,Venkatesh
=245  12$aIn Vivo and Ex Vivo Approaches to Study Ovarian Cancer Metastatic Colonization of Milky Spot Structures in Peritoneal Adipose$h[electronic resource]
=260  \\$aCambridge, MA$bMyJoVE Corp$c2016
=300  \\$aonline resource (784 seconds)
=490  0\$aMedicine
=500  \\$aTitle from resource description page
=520  \\$aWe outline a protocol that implements both in vivo and ex vivo approaches to study ovarian cancer colonization of peritoneal adipose tissues, particularly the omentum. Furthermore, we present a protocol to quantitate and analyze immune cell-structures in the omentum known as milky spots, which promote metastases of peritoneal adipose.
=521  \\$aFor undergraduate, graduate, and professional students
=546  \\$aEnglish
=650  \0$aMedicine
=856  40$uhttps://www.jove.com/video/52721
=945  \\$aThe Whole World

