=LDR  00840ngm a2200000i 4500
=001  JoVEBiology53059
=008  161201s2016\\\\xx\\\\\g\\\\\\s\\\\\eng\d
=035  \\$a(OCoLC)733445860
=040  \\$aVaAlASP$cVaAlASP
=100  1\$aPalygin,Oleg
=245  12$aUse of Enzymatic Biosensors to Quantify Endogenous ATP or H2O2 in the Kidney$h[electronic resource]
=260  \\$aCambridge, MA$bMyJoVE Corp$c2016
=300  \\$aonline resource (600 seconds)
=490  0\$aBiology
=500  \\$aTitle from resource description page
=520  \\$aEnzymatic microelectrode biosensors enable real-time measurements of extracellular cell signaling in biologically-relevant concentrations.  The following protocols extend the applications of biosensors to the ex vivo and in vivo detection of ATP and H2O2 in the kidney. 
=521  \\$aFor undergraduate, graduate, and professional students
=546  \\$aEnglish
=650  \0$aBiology
=856  40$uhttps://www.jove.com/video/53059
=945  \\$aThe Whole World

