=LDR  00845ngm a2200000i 4500
=001  JoVEBiology52738
=008  161201s2016\\\\xx\\\\\g\\\\\\s\\\\\eng\d
=035  \\$a(OCoLC)733445860
=040  \\$aVaAlASP$cVaAlASP
=100  1\$aKröber,Wenzel
=245  12$aRelating Stomatal Conductance to Leaf Functional Traits$h[electronic resource]
=260  \\$aCambridge, MA$bMyJoVE Corp$c2016
=300  \\$aonline resource (669 seconds)
=490  0\$aBiology
=500  \\$aTitle from resource description page
=520  \\$aUnraveling how physiology and morphology are linked allows a deeper understanding of mechanistic functioning of plant leaves. We present both a procedure to derive parameters of stomatal regulation from stomatal conductance measurements and correlations with traditional functional leaf traits.
=521  \\$aFor undergraduate, graduate, and professional students
=546  \\$aEnglish
=650  \0$aBiology
=856  40$uhttps://www.jove.com/video/52738
=945  \\$aThe Whole World

