=LDR  00904ngm a2200000i 4500
=001  JoVEBiology53586
=008  161201s2016\\\\xx\\\\\g\\\\\\s\\\\\eng\d
=035  \\$a(OCoLC)733445860
=040  \\$aVaAlASP$cVaAlASP
=100  1\$aBaumann,Claudia
=245  12$aMeiotic Spindle Assessment in Mouse Oocytes by siRNA-mediated Silencing$h[electronic resource]
=260  \\$aCambridge, MA$bMyJoVE Corp$c2016
=300  \\$aonline resource (556 seconds)
=490  0\$aBiology
=500  \\$aTitle from resource description page
=520  \\$aHere, we present a protocol for specific siRNA-mediated mRNA depletion followed by immunofluorescence analysis to evaluate meiotic spindle assembly and organization in mouse oocytes. This protocol is suitable for in vitro depletion of transcripts and functional assessment of different spindle and/or MTOC-associated factors in oocytes.
=521  \\$aFor undergraduate, graduate, and professional students
=546  \\$aEnglish
=650  \0$aBiology
=856  40$uhttps://www.jove.com/video/53586
=945  \\$aThe Whole World

