=LDR  00839ngm a2200000i 4500
=001  JoVEMedicine52861
=008  161201s2016\\\\xx\\\\\g\\\\\\s\\\\\eng\d
=035  \\$a(OCoLC)733445860
=040  \\$aVaAlASP$cVaAlASP
=100  1\$aDas,Dibash K.
=245  12$aIsolation and Propagation of Circulating Tumor Cells from a Mouse Cancer Model$h[electronic resource]
=260  \\$aCambridge, MA$bMyJoVE Corp$c2016
=300  \\$aonline resource (322 seconds)
=490  0\$aMedicine
=500  \\$aTitle from resource description page
=520  \\$aCirculating tumor cells (CTCs) have been shown to play an important role in tumor metastasis. Here, a method for the isolation and propagation of CTCs from the whole blood of a syngeneic mouse tumor model of hepatocellular carcinoma (HCC) metastasis is described.
=521  \\$aFor undergraduate, graduate, and professional students
=546  \\$aEnglish
=650  \0$aMedicine
=856  40$uhttps://www.jove.com/video/52861
=945  \\$aThe Whole World

