=LDR  00910ngm a2200000i 4500
=001  JoVEMedicine52411
=008  161201s2016\\\\xx\\\\\g\\\\\\s\\\\\eng\d
=035  \\$a(OCoLC)733445860
=040  \\$aVaAlASP$cVaAlASP
=100  1\$aLi,Michael
=245  12$aThe In Ovo Chick Chorioallantoic Membrane (CAM) Assay as an Efficient Xenograft Model of Hepatocellular Carcinoma$h[electronic resource]
=260  \\$aCambridge, MA$bMyJoVE Corp$c2016
=300  \\$aonline resource (497 seconds)
=490  0\$aMedicine
=500  \\$aTitle from resource description page
=520  \\$aThe chick chorioallantoic membrane (CAM) is immunodeficient and highly vascularized, making it a natural in vivo model of tumor growth and angiogenesis. In this protocol, we describe a reliable method of growing three-dimensional, vascularized hepatocellular carcinoma (HCC) tumors using the CAM assay.
=521  \\$aFor undergraduate, graduate, and professional students
=546  \\$aEnglish
=650  \0$aMedicine
=856  40$uhttps://www.jove.com/video/52411
=945  \\$aThe Whole World

