=LDR  00966ngm a2200000i 4500
=001  JoVEBiology53190
=008  161201s2016\\\\xx\\\\\g\\\\\\s\\\\\eng\d
=035  \\$a(OCoLC)733445860
=040  \\$aVaAlASP$cVaAlASP
=100  1\$aRajasekaran,Nirmal
=245  12$aEmploying Digital Droplet PCR to Detect BRAF V600E Mutations in Formalin-fixed Paraffin-embedded Reference Standard Cell Lines$h[electronic resource]
=260  \\$aCambridge, MA$bMyJoVE Corp$c2016
=300  \\$aonline resource (616 seconds)
=490  0\$aBiology
=500  \\$aTitle from resource description page
=520  \\$aThe goal of this video is to demonstrate how to perform automated DNA extraction from formalin-fixed paraffin-embedded (FFPE) reference standard cell lines and digital droplet PCR (ddPCR) analysis to detect rare mutations in a clinical setting. Detecting mutations in FFPE samples demonstrates the clinical utility of ddPCR in FFPE samples.
=521  \\$aFor undergraduate, graduate, and professional students
=546  \\$aEnglish
=650  \0$aBiology
=856  40$uhttps://www.jove.com/video/53190
=945  \\$aThe Whole World

