=LDR  00901ngm a2200000i 4500
=001  JoVEMedicine53258
=008  161201s2016\\\\xx\\\\\g\\\\\\s\\\\\eng\d
=035  \\$a(OCoLC)733445860
=040  \\$aVaAlASP$cVaAlASP
=100  1\$aBongers,Coen  C.W.G.
=245  12$aUsing an Ingestible Telemetric Temperature Pill to Assess Gastrointestinal Temperature During Exercise$h[electronic resource]
=260  \\$aCambridge, MA$bMyJoVE Corp$c2016
=300  \\$aonline resource (502 seconds)
=490  0\$aMedicine
=500  \\$aTitle from resource description page
=520  \\$aThis study describes an accurate, reliable and non-invasive technique to continuously measure gastrointestinal temperature during exercise. The ingestible telemetric temperature pill is suitable to measure gastrointestinal temperature in laboratory settings as well as in field based settings. 
=521  \\$aFor undergraduate, graduate, and professional students
=546  \\$aEnglish
=650  \0$aMedicine
=856  40$uhttps://www.jove.com/video/53258
=945  \\$aThe Whole World

