=LDR  00791ngm a2200000i 4500
=001  JoVEMedicine53257
=008  161201s2016\\\\xx\\\\\g\\\\\\s\\\\\eng\d
=035  \\$a(OCoLC)733445860
=040  \\$aVaAlASP$cVaAlASP
=100  1\$aHatzipetros,Theo
=245  12$aA Quick Phenotypic Neurological Scoring System for Evaluating Disease Progression in the SOD1-G93A Mouse Model of ALS$h[electronic resource]
=260  \\$aCambridge, MA$bMyJoVE Corp$c2016
=300  \\$aonline resource (409 seconds)
=490  0\$aMedicine
=500  \\$aTitle from resource description page
=520  \\$aThis video protocol describes a sensitive, reliable, and quick method for evaluating the neuromuscular deficits in a transgenic mouse model of amyotrophic lateral sclerosis.
=521  \\$aFor undergraduate, graduate, and professional students
=546  \\$aEnglish
=650  \0$aMedicine
=856  40$uhttps://www.jove.com/video/53257
=945  \\$aThe Whole World

