=LDR  00912ngm a2200000i 4500
=001  JoVEMedicine53019
=008  161201s2016\\\\xx\\\\\g\\\\\\s\\\\\eng\d
=035  \\$a(OCoLC)733445860
=040  \\$aVaAlASP$cVaAlASP
=100  1\$aWeir,Chris J.
=245  12$aOrthotopic Implantation and Peripheral Immune Cell Monitoring in the II-45 Syngeneic Rat Mesothelioma Model$h[electronic resource]
=260  \\$aCambridge, MA$bMyJoVE Corp$c2016
=300  \\$aonline resource (571 seconds)
=490  0\$aMedicine
=500  \\$aTitle from resource description page
=520  \\$aThe generation of an orthotopic rat model of pleural malignant mesothelioma by implantation of II-45 mesothelioma cells into the pleural cavity of immune competent rats is presented. A flow cytometric method to analyze seven immune cell subsets in these animals from a 25 µl blood sample is also described.
=521  \\$aFor undergraduate, graduate, and professional students
=546  \\$aEnglish
=650  \0$aMedicine
=856  40$uhttps://www.jove.com/video/53019
=945  \\$aThe Whole World

