=LDR  00809ngm a2200000i 4500
=001  JoVEMedicine53191
=008  161201s2016\\\\xx\\\\\g\\\\\\s\\\\\eng\d
=035  \\$a(OCoLC)733445860
=040  \\$aVaAlASP$cVaAlASP
=100  1\$aLu,Hong
=245  12$aSubcutaneous Angiotensin II Infusion using Osmotic Pumps Induces Aortic Aneurysms in Mice$h[electronic resource]
=260  \\$aCambridge, MA$bMyJoVE Corp$c2016
=300  \\$aonline resource (441 seconds)
=490  0\$aMedicine
=500  \\$aTitle from resource description page
=520  \\$aSubcutaneous implantation of osmotic pumps provides a convenient approach for prolonged and consistent delivery of compounds. This approach has been used extensively to study both abdominal and thoracic aortic aneurysms in mice.
=521  \\$aFor undergraduate, graduate, and professional students
=546  \\$aEnglish
=650  \0$aMedicine
=856  40$uhttps://www.jove.com/video/53191
=945  \\$aThe Whole World

