=LDR  00899ngm a2200000i 4500
=001  JoVEBiology52724
=008  161201s2016\\\\xx\\\\\g\\\\\\s\\\\\eng\d
=035  \\$a(OCoLC)733445860
=040  \\$aVaAlASP$cVaAlASP
=100  1\$ade Broucker,Amélie
=245  12$aXenopus laevis as a Model to Identify Translation Impairment$h[electronic resource]
=260  \\$aCambridge, MA$bMyJoVE Corp$c2016
=300  \\$aonline resource (624 seconds)
=490  0\$aBiology
=500  \\$aTitle from resource description page
=520  \\$aProtein synthesis control occurs mainly at the translation initiation step, deficiencies in which are linked to diverse disorders. To better understand their etiology, we described here a protocol using Xenopus laevis oocytes assessing the translation of mos transcript in the presence of a mutant of translation initiation factor eIF4G1.
=521  \\$aFor undergraduate, graduate, and professional students
=546  \\$aEnglish
=650  \0$aBiology
=856  40$uhttps://www.jove.com/video/52724
=945  \\$aThe Whole World

