=LDR  00936ngm a2200000i 4500
=001  JoVEBiology52406
=008  161201s2016\\\\xx\\\\\g\\\\\\s\\\\\eng\d
=035  \\$a(OCoLC)733445860
=040  \\$aVaAlASP$cVaAlASP
=100  1\$aNwaobi,Sinifunanya E.
=245  12$aCorrelating Gene-specific DNA Methylation Changes with Expression and Transcriptional Activity of Astrocytic KCNJ10 (Kir4.1)$h[electronic resource]
=260  \\$aCambridge, MA$bMyJoVE Corp$c2016
=300  \\$aonline resource (679 seconds)
=490  0\$aBiology
=500  \\$aTitle from resource description page
=520  \\$aDNA methylation is capable of maintaining stable levels of gene expression as well as allowing for dynamic changes in gene expression in response to a variety of stimuli. We detail techniques that allow the study of gene-specific changes in DNA methylation and the effect of these changes on gene expression. 
=521  \\$aFor undergraduate, graduate, and professional students
=546  \\$aEnglish
=650  \0$aBiology
=856  40$uhttps://www.jove.com/video/52406
=945  \\$aThe Whole World

