=LDR  00841ngm a2200000i 4500
=001  JoVEBiology52925
=008  161201s2016\\\\xx\\\\\g\\\\\\s\\\\\eng\d
=035  \\$a(OCoLC)733445860
=040  \\$aVaAlASP$cVaAlASP
=100  1\$aMorinishi,Leanna  S.
=245  12$aSimple Bulk Readout of Digital Nucleic Acid Quantification Assays$h[electronic resource]
=260  \\$aCambridge, MA$bMyJoVE Corp$c2016
=300  \\$aonline resource (415 seconds)
=490  0\$aBiology
=500  \\$aTitle from resource description page
=520  \\$aWe describe an endpoint digital assay for quantifying nucleic acids with a simplified (analog) readout. We measure bulk fluorescence of droplet-based digital assays using a standard qPCR machine rather than specialized instrumentation and confirm our results by microscopy. 
=521  \\$aFor undergraduate, graduate, and professional students
=546  \\$aEnglish
=650  \0$aBiology
=856  40$uhttps://www.jove.com/video/52925
=945  \\$aThe Whole World

