=LDR  00953ngm a2200000i 4500
=001  JoVEBiology52893
=008  161201s2016\\\\xx\\\\\g\\\\\\s\\\\\eng\d
=035  \\$a(OCoLC)733445860
=040  \\$aVaAlASP$cVaAlASP
=100  1\$aStrickfaden,Hilmar
=245  12$aVisualization of miniSOG Tagged DNA Repair Proteins in Combination with Electron Spectroscopic Imaging (ESI)$h[electronic resource]
=260  \\$aCambridge, MA$bMyJoVE Corp$c2016
=300  \\$aonline resource (786 seconds)
=490  0\$aBiology
=500  \\$aTitle from resource description page
=520  \\$aElectron spectroscopic imaging can image and distinguish nucleic acid from protein at nanometer resolution. It can be combined with the miniSOG system, which is able to specifically label tagged proteins in transmission electron microscopy samples. We illustrate the use of these technologies using double-strand break repair foci as an example.
=521  \\$aFor undergraduate, graduate, and professional students
=546  \\$aEnglish
=650  \0$aBiology
=856  40$uhttps://www.jove.com/video/52893
=945  \\$aThe Whole World

