=LDR  00959ngm a2200000i 4500
=001  JoVEMedicine53167
=008  161201s2016\\\\xx\\\\\g\\\\\\s\\\\\eng\d
=035  \\$a(OCoLC)733445860
=040  \\$aVaAlASP$cVaAlASP
=100  1\$aDeseure,Kristof
=245  12$aChronic Constriction Injury of the Rat's Infraorbital Nerve (IoN-CCI) to Study Trigeminal Neuropathic Pain$h[electronic resource]
=260  \\$aCambridge, MA$bMyJoVE Corp$c2016
=300  \\$aonline resource (652 seconds)
=490  0\$aMedicine
=500  \\$aTitle from resource description page
=520  \\$aThis manuscript describes a rodent model to study trigeminal neuropathic pain. The methods described include surgical procedures to perform a chronic constriction injury of the rat's infraorbital nerve and the post-surgical behavioral tests to measure the changes in spontaneous and evoked behavior that are indicative of persistent pain and allodynia. 
=521  \\$aFor undergraduate, graduate, and professional students
=546  \\$aEnglish
=650  \0$aMedicine
=856  40$uhttps://www.jove.com/video/53167
=945  \\$aThe Whole World

