=LDR  00842ngm a2200000i 4500
=001  JoVEMedicine52670
=008  161201s2016\\\\xx\\\\\g\\\\\\s\\\\\eng\d
=035  \\$a(OCoLC)733445860
=040  \\$aVaAlASP$cVaAlASP
=100  1\$aRaman,Jay  D.
=245  12$aPovidone Iodine Rectal Preparation at Time of Prostate Needle Biopsy is a Simple and Reproducible Means to Reduce Risk of Procedural Infection$h[electronic resource]
=260  \\$aCambridge, MA$bMyJoVE Corp$c2016
=300  \\$aonline resource (332 seconds)
=490  0\$aMedicine
=500  \\$aTitle from resource description page
=520  \\$aHere, we present a protocol for use at the time of transrectal ultrasound guided prostate needle biopsy (TRUS PNB) that is a simple and cost-effective means to reduce infections following the procedure.
=521  \\$aFor undergraduate, graduate, and professional students
=546  \\$aEnglish
=650  \0$aMedicine
=856  40$uhttps://www.jove.com/video/52670
=945  \\$aThe Whole World

