=LDR  00938ngm a2200000i 4500
=001  JoVEMedicine52728
=008  161201s2016\\\\xx\\\\\g\\\\\\s\\\\\eng\d
=035  \\$a(OCoLC)733445860
=040  \\$aVaAlASP$cVaAlASP
=100  1\$aOuyang,Yu
=245  12$aSimultaneous PET/MRI Imaging During Mouse Cerebral Hypoxia-ischemia$h[electronic resource]
=260  \\$aCambridge, MA$bMyJoVE Corp$c2016
=300  \\$aonline resource (635 seconds)
=490  0\$aMedicine
=500  \\$aTitle from resource description page
=520  \\$aThe method presented here uses simultaneous positron emission tomography and magnetic resonance imaging. In the cerebral hypoxia-ischemia model, dynamic changes in diffusion and glucose metabolism occur during and after injury. The evolving and irreproducible damage in this model necessitates simultaneous acquisition if meaningful multi-modal imaging data are to be acquired.
=521  \\$aFor undergraduate, graduate, and professional students
=546  \\$aEnglish
=650  \0$aMedicine
=856  40$uhttps://www.jove.com/video/52728
=945  \\$aThe Whole World

