=LDR  00820ngm a2200000i 4500
=001  JoVEBiology53076
=008  161201s2016\\\\xx\\\\\g\\\\\\s\\\\\eng\d
=035  \\$a(OCoLC)733445860
=040  \\$aVaAlASP$cVaAlASP
=100  1\$aUhl,Sebastian
=245  12$aContractility Measurements on Isolated Papillary Muscles for the Investigation of Cardiac Inotropy in Mice$h[electronic resource]
=260  \\$aCambridge, MA$bMyJoVE Corp$c2016
=300  \\$aonline resource (382 seconds)
=490  0\$aBiology
=500  \\$aTitle from resource description page
=520  \\$aMurine left ventricular papillary muscle can be used to investigate cardiac contractility in vitro. This article describes in detail the isolation and experimental protocols to study cardiac contractile characteristics.
=521  \\$aFor undergraduate, graduate, and professional students
=546  \\$aEnglish
=650  \0$aBiology
=856  40$uhttps://www.jove.com/video/53076
=945  \\$aThe Whole World

