=LDR  00793ngm a2200000i 4500
=001  JoVEBiology52942
=008  161201s2016\\\\xx\\\\\g\\\\\\s\\\\\eng\d
=035  \\$a(OCoLC)733445860
=040  \\$aVaAlASP$cVaAlASP
=100  1\$aAbraham,Dennis
=245  12$aCardiac Pressure-Volume Loop Analysis Using Conductance Catheters in Mice$h[electronic resource]
=260  \\$aCambridge, MA$bMyJoVE Corp$c2016
=300  \\$aonline resource (495 seconds)
=490  0\$aBiology
=500  \\$aTitle from resource description page
=520  \\$aCardiac pressure-volume loop analysis is the most comprehensive way to measure cardiac function in the intact heart. We describe a technique to perform and analyze cardiac pressure volume loops, using conductance catheters. 
=521  \\$aFor undergraduate, graduate, and professional students
=546  \\$aEnglish
=650  \0$aBiology
=856  40$uhttps://www.jove.com/video/52942
=945  \\$aThe Whole World

