=LDR  00986ngm a2200000i 4500
=001  JoVEBiology53210
=008  161201s2016\\\\xx\\\\\g\\\\\\s\\\\\eng\d
=035  \\$a(OCoLC)733445860
=040  \\$aVaAlASP$cVaAlASP
=100  1\$aCurry,Fitz-Roy  E.
=245  12$aMicroperfusion Technique to Investigate Regulation of Microvessel Permeability in Rat Mesentery$h[electronic resource]
=260  \\$aCambridge, MA$bMyJoVE Corp$c2016
=300  \\$aonline resource (768 seconds)
=490  0\$aBiology
=500  \\$aTitle from resource description page
=520  \\$aThe modified Landis technique enables paired measurement of the hydraulic conductivity of individual microvessels in the mesentery of normal and genetically modified rats under control and test conditions using microperfusion techniques. It provides a convenient method to evaluate mechanisms that regulate microvessel permeability and transvascular exchange under physiological conditions. 
=521  \\$aFor undergraduate, graduate, and professional students
=546  \\$aEnglish
=650  \0$aBiology
=856  40$uhttps://www.jove.com/video/53210
=945  \\$aThe Whole World

