=LDR  00939ngm a2200000i 4500
=001  JoVEBiology53166
=008  161201s2016\\\\xx\\\\\g\\\\\\s\\\\\eng\d
=035  \\$a(OCoLC)733445860
=040  \\$aVaAlASP$cVaAlASP
=100  1\$aWang,Lianguo
=245  12$aOptical Mapping of Intra-Sarcoplasmic Reticulum Ca2+ and Transmembrane Potential in the Langendorff-perfused Rabbit Heart$h[electronic resource]
=260  \\$aCambridge, MA$bMyJoVE Corp$c2016
=300  \\$aonline resource (566 seconds)
=490  0\$aBiology
=500  \\$aTitle from resource description page
=520  \\$aThis article describes the detailed protocol and equipment necessary for dual optical mapping of transmembrane potential (Vm) and free intra-sarcoplasmic reticulum (SR) Ca2+ in the Langendorff-perfused rabbit heart. This method allows for direct observation and quantification of Vm and SR Ca2+ dynamics in the intact heart.
=521  \\$aFor undergraduate, graduate, and professional students
=546  \\$aEnglish
=650  \0$aBiology
=856  40$uhttps://www.jove.com/video/53166
=945  \\$aThe Whole World

