=LDR  00824ngm a2200000i 4500
=001  JoVEBiology52985
=008  161201s2016\\\\xx\\\\\g\\\\\\s\\\\\eng\d
=035  \\$a(OCoLC)733445860
=040  \\$aVaAlASP$cVaAlASP
=100  1\$aBertin,Benjamin
=245  12$aTRAP-rc, Translating Ribosome Affinity Purification from Rare Cell Populations of Drosophila Embryos$h[electronic resource]
=260  \\$aCambridge, MA$bMyJoVE Corp$c2016
=300  \\$aonline resource (626 seconds)
=490  0\$aBiology
=500  \\$aTitle from resource description page
=520  \\$aTranslating Ribosome Affinity Purification (TRAP) is able to capture cell-type-specific translation of mRNA. Here we report the first TRAP protocol dedicated to isolation of mRNA in rare cell populations of Drosophila embryos. 
=521  \\$aFor undergraduate, graduate, and professional students
=546  \\$aEnglish
=650  \0$aBiology
=856  40$uhttps://www.jove.com/video/52985
=945  \\$aThe Whole World

