=LDR  00870ngm a2200000i 4500
=001  JoVEMedicine53178
=008  161201s2016\\\\xx\\\\\g\\\\\\s\\\\\eng\d
=035  \\$a(OCoLC)733445860
=040  \\$aVaAlASP$cVaAlASP
=100  1\$aBorstad,Alexandra
=245  12$aDesign, Fabrication, and Administration of the Hand Active Sensation Test (HASTe)$h[electronic resource]
=260  \\$aCambridge, MA$bMyJoVE Corp$c2016
=300  \\$aonline resource (474 seconds)
=490  0\$aMedicine
=500  \\$aTitle from resource description page
=520  \\$aThe Hand Active Sensation Test (HASTe) is a valid and reliable measure of haptic performance, which has been used successfully to identify impaired haptic touch in individuals with stroke. The purpose of this paper is to describe the design, fabrication and administration of the HASTe. 
=521  \\$aFor undergraduate, graduate, and professional students
=546  \\$aEnglish
=650  \0$aMedicine
=856  40$uhttps://www.jove.com/video/53178
=945  \\$aThe Whole World

