=LDR  00824ngm a2200000i 4500
=001  JoVEMedicine53123
=008  161201s2016\\\\xx\\\\\g\\\\\\s\\\\\eng\d
=035  \\$a(OCoLC)733445860
=040  \\$aVaAlASP$cVaAlASP
=100  1\$aBucay,Nathan
=245  12$amiRNA Expression Analyses in Prostate Cancer Clinical Tissues$h[electronic resource]
=260  \\$aCambridge, MA$bMyJoVE Corp$c2016
=300  \\$aonline resource (689 seconds)
=490  0\$aMedicine
=500  \\$aTitle from resource description page
=520  \\$aHere we describe a simplified protocol for microRNA (miRNA) expression analyses in archived Formalin-Fixed, Paraffin-Embedded (FFPE) or fresh frozen prostate cancer (PCa) clinical tissues employing quantitative real-time PCR (RT-PCR) and in situ hybridization (ISH).
=521  \\$aFor undergraduate, graduate, and professional students
=546  \\$aEnglish
=650  \0$aMedicine
=856  40$uhttps://www.jove.com/video/53123
=945  \\$aThe Whole World

