=LDR  00907ngm a2200000i 4500
=001  JoVEBiology53199
=008  161201s2016\\\\xx\\\\\g\\\\\\s\\\\\eng\d
=035  \\$a(OCoLC)733445860
=040  \\$aVaAlASP$cVaAlASP
=100  1\$aHenderson,Mark  J.
=245  12$aMonitoring Endoplasmic Reticulum Calcium Homeostasis Using a Gaussia Luciferase SERCaMP$h[electronic resource]
=260  \\$aCambridge, MA$bMyJoVE Corp$c2016
=300  \\$aonline resource (521 seconds)
=490  0\$aBiology
=500  \\$aTitle from resource description page
=520  \\$aEndoplasmic reticulum calcium homeostasis is disrupted in diverse pathologies.  A secreted ER calcium monitoring protein (SERCaMP) reporter can be used to detect disruptions in the ER calcium store.   This protocol describes the use of a Gaussia luciferase SERCaMP to examine ER calcium homeostasis in vitro and in vivo.
=521  \\$aFor undergraduate, graduate, and professional students
=546  \\$aEnglish
=650  \0$aBiology
=856  40$uhttps://www.jove.com/video/53199
=945  \\$aThe Whole World

