=LDR  00926ngm a2200000i 4500
=001  JoVEBiology53035
=008  161201s2016\\\\xx\\\\\g\\\\\\s\\\\\eng\d
=035  \\$a(OCoLC)733445860
=040  \\$aVaAlASP$cVaAlASP
=100  1\$aPavlov,Tengis  S.
=245  12$aImplementing Patch Clamp and Live Fluorescence Microscopy to Monitor Functional Properties of Freshly Isolated PKD Epithelium$h[electronic resource]
=260  \\$aCambridge, MA$bMyJoVE Corp$c2016
=300  \\$aonline resource (526 seconds)
=490  0\$aBiology
=500  \\$aTitle from resource description page
=520  \\$aIon channels expressed in renal tubular epithelium play a significant role in the pathology of polycystic kidney disease. Here we describe experimental protocols used to perform patch-clamp analysis and intracellular calcium level measurements in cystic epithelium freshly isolated from rodent kidneys.
=521  \\$aFor undergraduate, graduate, and professional students
=546  \\$aEnglish
=650  \0$aBiology
=856  40$uhttps://www.jove.com/video/53035
=945  \\$aThe Whole World

