=LDR  00847ngm a2200000i 4500
=001  JoVEMedicine52964
=008  161201s2016\\\\xx\\\\\g\\\\\\s\\\\\eng\d
=035  \\$a(OCoLC)733445860
=040  \\$aVaAlASP$cVaAlASP
=100  1\$aLimjunyawong,Nathachit
=245  12$aInstillation and Fixation Methods Useful in Mouse Lung Cancer Research$h[electronic resource]
=260  \\$aCambridge, MA$bMyJoVE Corp$c2016
=300  \\$aonline resource (417 seconds)
=490  0\$aMedicine
=500  \\$aTitle from resource description page
=520  \\$aThe goal of this paper is to describe simple methods that will greatly aid in the setup and analysis of mouse lungs with lung cancer or other pathologies. We present 3 protocols to simply and reliably carry out lung instillations, fixation, and lung volume measurements.
=521  \\$aFor undergraduate, graduate, and professional students
=546  \\$aEnglish
=650  \0$aMedicine
=856  40$uhttps://www.jove.com/video/52964
=945  \\$aThe Whole World

