=LDR  00818ngm a2200000i 4500
=001  JoVEBiology53272
=008  161201s2016\\\\xx\\\\\g\\\\\\s\\\\\eng\d
=035  \\$a(OCoLC)733445860
=040  \\$aVaAlASP$cVaAlASP
=100  1\$aZang,Liqing
=245  12$aRepeated Blood Collection for Blood Tests in Adult Zebrafish$h[electronic resource]
=260  \\$aCambridge, MA$bMyJoVE Corp$c2016
=300  \\$aonline resource (377 seconds)
=490  0\$aBiology
=500  \\$aTitle from resource description page
=520  \\$aRepeated blood sampling is necessary and important in animal research. We developed a novel, non-lethal and reliable method for repeated blood collection from adult zebrafish, and applied this method to the study of blood biochemistry, including glucose metabolism.
=521  \\$aFor undergraduate, graduate, and professional students
=546  \\$aEnglish
=650  \0$aBiology
=856  40$uhttps://www.jove.com/video/53272
=945  \\$aThe Whole World

