=LDR  00866ngm a2200000i 4500
=001  JoVEBiology53152
=008  161201s2016\\\\xx\\\\\g\\\\\\s\\\\\eng\d
=035  \\$a(OCoLC)733445860
=040  \\$aVaAlASP$cVaAlASP
=100  1\$aReeks,Courtney
=245  12$aIdentification of Kinase-substrate Pairs Using High Throughput Screening$h[electronic resource]
=260  \\$aCambridge, MA$bMyJoVE Corp$c2016
=300  \\$aonline resource (673 seconds)
=490  0\$aBiology
=500  \\$aTitle from resource description page
=520  \\$aProtein phosphorylation is a central feature of how cells interpret and respond to information in their extracellular milieu. Here, we present a high throughput screening protocol using kinases purified from mammalian cells to rapidly identify kinases that phosphorylate a substrate(s) of interest.
=521  \\$aFor undergraduate, graduate, and professional students
=546  \\$aEnglish
=650  \0$aBiology
=856  40$uhttps://www.jove.com/video/53152
=945  \\$aThe Whole World

