=LDR  00897ngm a2200000i 4500
=001  JoVEBiology52982
=008  161201s2016\\\\xx\\\\\g\\\\\\s\\\\\eng\d
=035  \\$a(OCoLC)733445860
=040  \\$aVaAlASP$cVaAlASP
=100  1\$aAkie,Thomas  E.
=245  12$aDetermination of Fatty Acid Oxidation and Lipogenesis in Mouse Primary Hepatocytes$h[electronic resource]
=260  \\$aCambridge, MA$bMyJoVE Corp$c2016
=300  \\$aonline resource (731 seconds)
=490  0\$aBiology
=500  \\$aTitle from resource description page
=520  \\$aDe novo lipogenesis and β-fatty acid oxidation constitute key metabolic pathways in hepatocyte, pathways that are perturbed in several metabolic disorders, including fatty liver disease. Here we demonstrate isolation of mouse primary hepatocytes and describe quantification of β-fatty acid oxidation and lipogenesis.
=521  \\$aFor undergraduate, graduate, and professional students
=546  \\$aEnglish
=650  \0$aBiology
=856  40$uhttps://www.jove.com/video/52982
=945  \\$aThe Whole World

