=LDR  00925ngm a2200000i 4500
=001  JoVEBiology52949
=008  161201s2016\\\\xx\\\\\g\\\\\\s\\\\\eng\d
=035  \\$a(OCoLC)733445860
=040  \\$aVaAlASP$cVaAlASP
=100  1\$aGoreczny,Gregory  J.
=245  12$aA Simplified System for Evaluating Cell Mechanosensing and Durotaxis In Vitro$h[electronic resource]
=260  \\$aCambridge, MA$bMyJoVE Corp$c2016
=300  \\$aonline resource (590 seconds)
=490  0\$aBiology
=500  \\$aTitle from resource description page
=520  \\$aMany mammalian cells preferentially migrate towards a more rigid matrix or substrate through durotaxis. The goal of this protocol is to provide a simple in vitro system that can be used to study and manipulate cell durotaxis behaviors by incorporating polydimethylsiloxane (PDMS) substrates of defined rigidity, interfacing with glass coverslips.
=521  \\$aFor undergraduate, graduate, and professional students
=546  \\$aEnglish
=650  \0$aBiology
=856  40$uhttps://www.jove.com/video/52949
=945  \\$aThe Whole World

