=LDR  00801ngm a2200000i 4500
=001  JoVEMedicine53012
=008  161201s2016\\\\xx\\\\\g\\\\\\s\\\\\eng\d
=035  \\$a(OCoLC)733445860
=040  \\$aVaAlASP$cVaAlASP
=100  1\$aHe,Jinxi
=245  12$aSurgical Models of Gastroesophageal Reflux with Mice$h[electronic resource]
=260  \\$aCambridge, MA$bMyJoVE Corp$c2016
=300  \\$aonline resource (319 seconds)
=490  0\$aMedicine
=500  \\$aTitle from resource description page
=520  \\$aThis article demonstrates surgical procedures of gastroesophageal reflux with mice. These models are useful tools for research on mechanisms and treatment of gastroesophageal reflux disease and potentially Barrett's esophagus and esophageal adenocarcinoma.
=521  \\$aFor undergraduate, graduate, and professional students
=546  \\$aEnglish
=650  \0$aMedicine
=856  40$uhttps://www.jove.com/video/53012
=945  \\$aThe Whole World

