=LDR  00852ngm a2200000i 4500
=001  JoVEMedicine52907
=008  161201s2016\\\\xx\\\\\g\\\\\\s\\\\\eng\d
=035  \\$a(OCoLC)733445860
=040  \\$aVaAlASP$cVaAlASP
=100  1\$aRatschiller,Thomas
=245  12$aHeterotopic Cervical Heart Transplantation in Mice$h[electronic resource]
=260  \\$aCambridge, MA$bMyJoVE Corp$c2016
=300  \\$aonline resource (588 seconds)
=490  0\$aMedicine
=500  \\$aTitle from resource description page
=520  \\$aThe cuff technique shortens and facilitates the model of heterotopic cervical heart transplantation in mice by avoiding technically challenging suture anastomoses of small vessels. The technical details shown in this video paper should allow researches to establish this model in their laboratories.
=521  \\$aFor undergraduate, graduate, and professional students
=546  \\$aEnglish
=650  \0$aMedicine
=856  40$uhttps://www.jove.com/video/52907
=945  \\$aThe Whole World

