=LDR  00906ngm a2200000i 4500
=001  JoVEBiology53086
=008  161201s2016\\\\xx\\\\\g\\\\\\s\\\\\eng\d
=035  \\$a(OCoLC)733445860
=040  \\$aVaAlASP$cVaAlASP
=100  1\$aNauli,Andromeda  M.
=245  12$aUsing Caco-2 Cells to Study Lipid Transport by the Intestine$h[electronic resource]
=260  \\$aCambridge, MA$bMyJoVE Corp$c2016
=300  \\$aonline resource (420 seconds)
=490  0\$aBiology
=500  \\$aTitle from resource description page
=520  \\$aCaco-2 cells can serve as an in vitro model to study the enterocyte transport of lipids, and lipid-soluble drugs/vitamins. The permeable membrane system separates the apical from the basolateral compartment, while the lentivirus expression system offers an effective gene overexpression method. The isolation of lipoproteins is confirmed by TEM.
=521  \\$aFor undergraduate, graduate, and professional students
=546  \\$aEnglish
=650  \0$aBiology
=856  40$uhttps://www.jove.com/video/53086
=945  \\$aThe Whole World

