=LDR  00945ngm a2200000i 4500
=001  JoVEMedicine52978
=008  161201s2016\\\\xx\\\\\g\\\\\\s\\\\\eng\d
=035  \\$a(OCoLC)733445860
=040  \\$aVaAlASP$cVaAlASP
=100  1\$aSun,Yu-Yo
=245  12$aA Thrombotic Stroke Model Based On Transient Cerebral Hypoxia-ischemia$h[electronic resource]
=260  \\$aCambridge, MA$bMyJoVE Corp$c2016
=300  \\$aonline resource (361 seconds)
=490  0\$aMedicine
=500  \\$aTitle from resource description page
=520  \\$aThromboembolic stroke models are vital tools for optimizing the recanalization therapy. Here we report a murine thrombotic stroke model based on transient cerebral hypoxic-ischemic (tHI) insult, which triggers thrombosis and infarction, and responds favorably to tissue plasminogen activator (tPA)-mediated fibrinolysis in a therapeutic window similar to those in stroke patients. 
=521  \\$aFor undergraduate, graduate, and professional students
=546  \\$aEnglish
=650  \0$aMedicine
=856  40$uhttps://www.jove.com/video/52978
=945  \\$aThe Whole World

