=LDR  00842ngm a2200000i 4500
=001  JoVEBiology52963
=008  161201s2016\\\\xx\\\\\g\\\\\\s\\\\\eng\d
=035  \\$a(OCoLC)733445860
=040  \\$aVaAlASP$cVaAlASP
=100  1\$aLeblanc,Pierre
=245  12$aProduction of Nurr-1 Specific Polyclonal Antibodies Free of Cross-reactivity Against Its Close Homologs, Nor1 and Nur77$h[electronic resource]
=260  \\$aCambridge, MA$bMyJoVE Corp$c2016
=300  \\$aonline resource (750 seconds)
=490  0\$aBiology
=500  \\$aTitle from resource description page
=520  \\$aHere, we selectively target antibodies against a specific member of a highly conserved family of proteins by immunizing animals with their most divergent regions followed by removing cross reactive antibodies by pre-adsorption.
=521  \\$aFor undergraduate, graduate, and professional students
=546  \\$aEnglish
=650  \0$aBiology
=856  40$uhttps://www.jove.com/video/52963
=945  \\$aThe Whole World

