=LDR  00880ngm a2200000i 4500
=001  JoVEBiology52840
=008  161201s2016\\\\xx\\\\\g\\\\\\s\\\\\eng\d
=035  \\$a(OCoLC)733445860
=040  \\$aVaAlASP$cVaAlASP
=100  1\$aWelschinger,Robert
=245  12$aTemporal Tracking of Cell Cycle Progression Using Flow Cytometry without the Need for Synchronization$h[electronic resource]
=260  \\$aCambridge, MA$bMyJoVE Corp$c2016
=300  \\$aonline resource (532 seconds)
=490  0\$aBiology
=500  \\$aTitle from resource description page
=520  \\$aThis protocol describes the use of bromodeoxyuridine (BrdU) uptake to permit the temporal tracking of cells that were in S phase at a specific point in time. Addition of DNA dyes and antibody labeling facilitates detailed analysis of the fate of the S phase cells at later times.
=521  \\$aFor undergraduate, graduate, and professional students
=546  \\$aEnglish
=650  \0$aBiology
=856  40$uhttps://www.jove.com/video/52840
=945  \\$aThe Whole World

