=LDR  00908ngm a2200000i 4500
=001  JoVEMedicine53181
=008  161201s2016\\\\xx\\\\\g\\\\\\s\\\\\eng\d
=035  \\$a(OCoLC)733445860
=040  \\$aVaAlASP$cVaAlASP
=100  1\$aFuentes,Isabella  M.
=245  12$aAssessment of Perigenital Sensitivity and Prostatic Mast Cell Activation in a Mouse Model of Neonatal Maternal Separation$h[electronic resource]
=260  \\$aCambridge, MA$bMyJoVE Corp$c2016
=300  \\$aonline resource (589 seconds)
=490  0\$aMedicine
=500  \\$aTitle from resource description page
=520  \\$aWe are measuring perigenital mechanical sensitivity and mast cell activation in the prostate of male C57BL/6 mice that underwent an early life stress paradigm - neonatal maternal separation, in order to induce a preclinical model of chronic prostatitis/chronic pelvic pain syndrome.
=521  \\$aFor undergraduate, graduate, and professional students
=546  \\$aEnglish
=650  \0$aMedicine
=856  40$uhttps://www.jove.com/video/53181
=945  \\$aThe Whole World

