=LDR  00964ngm a2200000i 4500
=001  JoVEBiology52849
=008  161201s2016\\\\xx\\\\\g\\\\\\s\\\\\eng\d
=035  \\$a(OCoLC)733445860
=040  \\$aVaAlASP$cVaAlASP
=100  1\$aMoro,Loredana
=245  12$aSilencing of BRCA2 to Identify Novel BRCA2-regulated Biological Functions in Cultured Human Cells$h[electronic resource]
=260  \\$aCambridge, MA$bMyJoVE Corp$c2016
=300  \\$aonline resource (564 seconds)
=490  0\$aBiology
=500  \\$aTitle from resource description page
=520  \\$aGene silencing by siRNA represents a convenient experimental strategy to analyze BRCA2-dependent biological functions with immediate implications to better understand cancer biology. A method to efficiently silence BRCA2, along with the experimental procedure to detect and quantify changes in BRCA2 protein expression by immunoblotting in human cell lines, is presented. 
=521  \\$aFor undergraduate, graduate, and professional students
=546  \\$aEnglish
=650  \0$aBiology
=856  40$uhttps://www.jove.com/video/52849
=945  \\$aThe Whole World

