=LDR  00773ngm a2200000i 4500
=001  JoVEMedicine53129
=008  161201s2016\\\\xx\\\\\g\\\\\\s\\\\\eng\d
=035  \\$a(OCoLC)733445860
=040  \\$aVaAlASP$cVaAlASP
=100  1\$aDunlop,Katharine
=245  12$aMRI-guided dmPFC-rTMS as a Treatment for Treatment-resistant Major Depressive Disorder$h[electronic resource]
=260  \\$aCambridge, MA$bMyJoVE Corp$c2016
=300  \\$aonline resource (500 seconds)
=490  0\$aMedicine
=500  \\$aTitle from resource description page
=520  \\$aHere we outline the procedure for MRI-guided repetitive transcranial magnetic stimulation to the dorsomedial prefrontal cortex as an experimental treatment for major depressive disorder.
=521  \\$aFor undergraduate, graduate, and professional students
=546  \\$aEnglish
=650  \0$aMedicine
=856  40$uhttps://www.jove.com/video/53129
=945  \\$aThe Whole World

