=LDR  00801ngm a2200000i 4500
=001  JoVEMedicine51661
=008  161201s2016\\\\xx\\\\\g\\\\\\s\\\\\eng\d
=035  \\$a(OCoLC)733445860
=040  \\$aVaAlASP$cVaAlASP
=100  1\$aDeshaies,Eric M
=245  12$aMinimally Invasive Thumb-sized Pterional Craniotomy for Surgical Clip Ligation of Unruptured Anterior Circulation Aneurysms$h[electronic resource]
=260  \\$aCambridge, MA$bMyJoVE Corp$c2016
=300  \\$aonline resource (718 seconds)
=490  0\$aMedicine
=500  \\$aTitle from resource description page
=520  \\$aMinimally invasive thumb-sized pterional craniotomy for aneurysm clipping has afforded our patients with a shorter hospital stay at a lower cost compared to the national average.
=521  \\$aFor undergraduate, graduate, and professional students
=546  \\$aEnglish
=650  \0$aMedicine
=856  40$uhttps://www.jove.com/video/51661
=945  \\$aThe Whole World

