=LDR  00788ngm a2200000i 4500
=001  JoVEBiology53081
=008  161201s2016\\\\xx\\\\\g\\\\\\s\\\\\eng\d
=035  \\$a(OCoLC)733445860
=040  \\$aVaAlASP$cVaAlASP
=100  1\$aGrubb,Jennifer
=245  12$aSurface Spreading and Immunostaining of Yeast Chromosomes$h[electronic resource]
=260  \\$aCambridge, MA$bMyJoVE Corp$c2016
=300  \\$aonline resource (726 seconds)
=490  0\$aBiology
=500  \\$aTitle from resource description page
=520  \\$aA method for surface-spreading chromosomes from budding yeast is presented. This method is derived from a method previously described by Loidl and Klein. In addition, we demonstrate a procedure for immunostaining of spread chromosomes.
=521  \\$aFor undergraduate, graduate, and professional students
=546  \\$aEnglish
=650  \0$aBiology
=856  40$uhttps://www.jove.com/video/53081
=945  \\$aThe Whole World

