=LDR  00967ngm a2200000i 4500
=001  JoVEMedicine52765
=008  161201s2016\\\\xx\\\\\g\\\\\\s\\\\\eng\d
=035  \\$a(OCoLC)733445860
=040  \\$aVaAlASP$cVaAlASP
=100  1\$aDe Groef,Sofie
=245  12$aSurgical Injury to the Mouse Pancreas through Ligation of the Pancreatic Duct as a Model for Endocrine and Exocrine Reprogramming and Proliferation$h[electronic resource]
=260  \\$aCambridge, MA$bMyJoVE Corp$c2016
=300  \\$aonline resource (464 seconds)
=490  0\$aMedicine
=500  \\$aTitle from resource description page
=520  \\$aThis protocol describes an injury model involving the surgical ligation of the pancreatic duct in the adult mouse pancreas, resulting in severe injury that establishes an environment that allows beta cell neogenesis and proliferation. This model can be used as a tool to study mechanisms involved in beta cell formation. 
=521  \\$aFor undergraduate, graduate, and professional students
=546  \\$aEnglish
=650  \0$aMedicine
=856  40$uhttps://www.jove.com/video/52765
=945  \\$aThe Whole World

