=LDR  00750ngm a2200000i 4500
=001  JoVEMedicine52880
=008  161201s2016\\\\xx\\\\\g\\\\\\s\\\\\eng\d
=035  \\$a(OCoLC)733445860
=040  \\$aVaAlASP$cVaAlASP
=100  1\$aPeterson,Jonathan R.
=245  12$aDirect Mouse Trauma/Burn Model of Heterotopic Ossification$h[electronic resource]
=260  \\$aCambridge, MA$bMyJoVE Corp$c2016
=300  \\$aonline resource (421 seconds)
=490  0\$aMedicine
=500  \\$aTitle from resource description page
=520  \\$aAn Achilles tenotomy and burn injury model of heterotopic ossification allows for the reliable study of trauma induced ectopic bone formation without the application of exogenous factors.
=521  \\$aFor undergraduate, graduate, and professional students
=546  \\$aEnglish
=650  \0$aMedicine
=856  40$uhttps://www.jove.com/video/52880
=945  \\$aThe Whole World

