=LDR  00692ngm a2200000i 4500
=001  JoVEMedicine52433
=008  161201s2016\\\\xx\\\\\g\\\\\\s\\\\\eng\d
=035  \\$a(OCoLC)733445860
=040  \\$aVaAlASP$cVaAlASP
=100  1\$aCordeiro,Brenda
=245  12$aMurine Isolated Heart Model of Myocardial Stunning Associated with Cardioplegic Arrest$h[electronic resource]
=260  \\$aCambridge, MA$bMyJoVE Corp$c2016
=300  \\$aonline resource (510 seconds)
=490  0\$aMedicine
=500  \\$aTitle from resource description page
=520  \\$aThe goal of this protocol to assess myocardial stunning following ischemic cardioplegic arrest in rodents.
=521  \\$aFor undergraduate, graduate, and professional students
=546  \\$aEnglish
=650  \0$aMedicine
=856  40$uhttps://www.jove.com/video/52433
=945  \\$aThe Whole World

