=LDR  00888ngm a2200000i 4500
=001  JoVEBiology51872
=008  161201s2016\\\\xx\\\\\g\\\\\\s\\\\\eng\d
=035  \\$a(OCoLC)733445860
=040  \\$aVaAlASP$cVaAlASP
=100  1\$aFasolo,Joseph
=245  12$aProbing High-density Functional Protein Microarrays to Detect Protein-protein Interactions$h[electronic resource]
=260  \\$aCambridge, MA$bMyJoVE Corp$c2016
=300  \\$aonline resource (487 seconds)
=490  0\$aBiology
=500  \\$aTitle from resource description page
=520  \\$aUsing protein microarrays containing nearly the entire S. cerevisiae proteome is probed for rapid unbiased interrogation of thousands of protein-protein interactions in parallel. This method can be utilized for protein-small molecule, posttranslational modification, and other assays in high-throughput.
=521  \\$aFor undergraduate, graduate, and professional students
=546  \\$aEnglish
=650  \0$aBiology
=856  40$uhttps://www.jove.com/video/51872
=945  \\$aThe Whole World

