=LDR  00908ngm a2200000i 4500
=001  JoVEMedicine52908
=008  161201s2016\\\\xx\\\\\g\\\\\\s\\\\\eng\d
=035  \\$a(OCoLC)733445860
=040  \\$aVaAlASP$cVaAlASP
=100  1\$aHerr,Daniel J.
=245  12$aInduction and Assessment of Ischemia-reperfusion Injury in Langendorff-perfused Rat Hearts$h[electronic resource]
=260  \\$aCambridge, MA$bMyJoVE Corp$c2016
=300  \\$aonline resource (478 seconds)
=490  0\$aMedicine
=500  \\$aTitle from resource description page
=520  \\$aThe isolated rat heart is an enduring model for ischemia reperfusion injury. Here, we describe the process of harvesting the beating heart from a rat via in situ aortic cannulation, Langendorff perfusion of the heart, simulated ischemia-reperfusion injury, and infarct staining to confirm the extent of ischemic insult.
=521  \\$aFor undergraduate, graduate, and professional students
=546  \\$aEnglish
=650  \0$aMedicine
=856  40$uhttps://www.jove.com/video/52908
=945  \\$aThe Whole World

