=LDR  00806ngm a2200000i 4500
=001  JoVEMedicine52729
=008  161201s2016\\\\xx\\\\\g\\\\\\s\\\\\eng\d
=035  \\$a(OCoLC)733445860
=040  \\$aVaAlASP$cVaAlASP
=100  1\$aGalen,Sujay S.
=245  12$aDetermining The Electromyographic Fatigue Threshold Following a Single Visit Exercise Test$h[electronic resource]
=260  \\$aCambridge, MA$bMyJoVE Corp$c2016
=300  \\$aonline resource (360 seconds)
=490  0\$aMedicine
=500  \\$aTitle from resource description page
=520  \\$aThis protocol describes the electromyographic fatigue threshold which demarcates between nonfatiguing and fatiguing exercise workloads. This information could be used to develop a more individualized training program.
=521  \\$aFor undergraduate, graduate, and professional students
=546  \\$aEnglish
=650  \0$aMedicine
=856  40$uhttps://www.jove.com/video/52729
=945  \\$aThe Whole World

