=LDR  00896ngm a2200000i 4500
=001  JoVEBiology52425
=008  161201s2016\\\\xx\\\\\g\\\\\\s\\\\\eng\d
=035  \\$a(OCoLC)733445860
=040  \\$aVaAlASP$cVaAlASP
=100  1\$aHinojosa-Laborde,Carmen
=245  12$aPhysiology Lab Demonstration: Glomerular Filtration Rate in a Rat$h[electronic resource]
=260  \\$aCambridge, MA$bMyJoVE Corp$c2016
=300  \\$aonline resource (418 seconds)
=490  0\$aBiology
=500  \\$aTitle from resource description page
=520  \\$aThe purpose of this protocol is to demonstrate the principles and techniques for measuring and calculating glomerular filtration rate, urine flow rate, and excretion of sodium and potassium in a rat. This demonstration can be used to provide students with an overall conceptual understanding of how to measure renal function. 
=521  \\$aFor undergraduate, graduate, and professional students
=546  \\$aEnglish
=650  \0$aBiology
=856  40$uhttps://www.jove.com/video/52425
=945  \\$aThe Whole World

