=LDR  00918ngm a2200000i 4500
=001  JoVEMedicine52718
=008  161201s2016\\\\xx\\\\\g\\\\\\s\\\\\eng\d
=035  \\$a(OCoLC)733445860
=040  \\$aVaAlASP$cVaAlASP
=100  1\$aWalk,Elyse  L.
=245  12$aHigh-frequency Ultrasound Imaging of Mouse Cervical Lymph Nodes$h[electronic resource]
=260  \\$aCambridge, MA$bMyJoVE Corp$c2016
=300  \\$aonline resource (602 seconds)
=490  0\$aMedicine
=500  \\$aTitle from resource description page
=520  \\$aThis protocol describes the application of high-frequency ultrasound (HFUS) for imaging mouse cervical lymph nodes. This technique optimizes visualization and quantification of cervical lymph node morphology, volume and blood flow. Image-guided biopsy of cervical lymph nodes and processing of lymph tissue for histological evaluation is also demonstrated.
=521  \\$aFor undergraduate, graduate, and professional students
=546  \\$aEnglish
=650  \0$aMedicine
=856  40$uhttps://www.jove.com/video/52718
=945  \\$aThe Whole World

