=LDR  00866ngm a2200000i 4500
=001  JoVEMedicine53060
=008  161201s2016\\\\xx\\\\\g\\\\\\s\\\\\eng\d
=035  \\$a(OCoLC)733445860
=040  \\$aVaAlASP$cVaAlASP
=100  1\$aTrendowski,Matthew
=245  12$aGeneration and Quantitative Analysis of Pulsed Low Frequency Ultrasound to Determine the Sonic Sensitivity of Untreated and Treated Neoplastic Cells$h[electronic resource]
=260  \\$aCambridge, MA$bMyJoVE Corp$c2016
=300  \\$aonline resource (545 seconds)
=490  0\$aMedicine
=500  \\$aTitle from resource description page
=520  \\$aSelective damage of human leukemia cells can be achieved through a novel approach of applying low frequency ultrasound both with and without chemotherapeutic pretreatment of leukemic and normal hematopoietic cells. 
=521  \\$aFor undergraduate, graduate, and professional students
=546  \\$aEnglish
=650  \0$aMedicine
=856  40$uhttps://www.jove.com/video/53060
=945  \\$aThe Whole World

