=LDR  00753ngm a2200000i 4500
=001  JoVEBiology52918
=008  161201s2016\\\\xx\\\\\g\\\\\\s\\\\\eng\d
=035  \\$a(OCoLC)733445860
=040  \\$aVaAlASP$cVaAlASP
=100  1\$aBohórquez,Diego
=245  12$aCorrelative Confocal and 3D Electron Microscopy of a Specific Sensory Cell$h[electronic resource]
=260  \\$aCambridge, MA$bMyJoVE Corp$c2016
=300  \\$aonline resource (480 seconds)
=490  0\$aBiology
=500  \\$aTitle from resource description page
=520  \\$aHere, we introduce a method, cocem3D, to unveil the ultrastructure of a specific cell in its native tissue by bridging confocal and serial block-face scanning electron microscopy.  
=521  \\$aFor undergraduate, graduate, and professional students
=546  \\$aEnglish
=650  \0$aBiology
=856  40$uhttps://www.jove.com/video/52918
=945  \\$aThe Whole World

