=LDR  00745ngm a2200000i 4500
=001  JoVEMedicine53161
=008  161201s2016\\\\xx\\\\\g\\\\\\s\\\\\eng\d
=035  \\$a(OCoLC)733445860
=040  \\$aVaAlASP$cVaAlASP
=100  1\$aLi,Hailong
=245  12$aPhotothrombosis-induced Focal Ischemia as a Model of Spinal Cord Injury in Mice$h[electronic resource]
=260  \\$aCambridge, MA$bMyJoVE Corp$c2016
=300  \\$aonline resource (507 seconds)
=490  0\$aMedicine
=500  \\$aTitle from resource description page
=520  \\$aPhotothrombosis is a minimally invasive and highly reproducible procedure to induce focal ischemia in the spinal cord and serves as a model of spinal cord injury in mice. 
=521  \\$aFor undergraduate, graduate, and professional students
=546  \\$aEnglish
=650  \0$aMedicine
=856  40$uhttps://www.jove.com/video/53161
=945  \\$aThe Whole World

