=LDR  00972ngm a2200000i 4500
=001  JoVEMedicine52909
=008  161201s2016\\\\xx\\\\\g\\\\\\s\\\\\eng\d
=035  \\$a(OCoLC)733445860
=040  \\$aVaAlASP$cVaAlASP
=100  1\$aKaths,J. Moritz
=245  12$aNormothermic Ex Vivo Kidney Perfusion for the Preservation of Kidney Grafts prior to Transplantation$h[electronic resource]
=260  \\$aCambridge, MA$bMyJoVE Corp$c2016
=300  \\$aonline resource (492 seconds)
=490  0\$aMedicine
=500  \\$aTitle from resource description page
=520  \\$aThe severe organ shortage has resulted in increased use of marginal kidney grafts for transplantation. This has triggered interest in alternative storage methods, since marginal grafts especially tolerate cold storage poorly. The technique of normothermic ex vivo kidney perfusion (NEVKP) represents a novel preservation method for kidney grafts prior to  transplantation.
=521  \\$aFor undergraduate, graduate, and professional students
=546  \\$aEnglish
=650  \0$aMedicine
=856  40$uhttps://www.jove.com/video/52909
=945  \\$aThe Whole World

