=LDR  00714ngm a2200000i 4500
=001  JoVEBiology53112
=008  161201s2016\\\\xx\\\\\g\\\\\\s\\\\\eng\d
=035  \\$a(OCoLC)733445860
=040  \\$aVaAlASP$cVaAlASP
=100  1\$aFarkas,Attila E.
=245  12$aCryosectioning Method for Microdissection of Murine Colonic Mucosa$h[electronic resource]
=260  \\$aCambridge, MA$bMyJoVE Corp$c2016
=300  \\$aonline resource (376 seconds)
=490  0\$aBiology
=500  \\$aTitle from resource description page
=520  \\$aHere we describe a simple method for the isolation of spatially distinct murine colonic epithelial surface cells from the underlying crypt-base cells.
=521  \\$aFor undergraduate, graduate, and professional students
=546  \\$aEnglish
=650  \0$aBiology
=856  40$uhttps://www.jove.com/video/53112
=945  \\$aThe Whole World

