=LDR  00852ngm a2200000i 4500
=001  JoVEBiology51579
=008  161201s2016\\\\xx\\\\\g\\\\\\s\\\\\eng\d
=035  \\$a(OCoLC)733445860
=040  \\$aVaAlASP$cVaAlASP
=100  1\$aHooda,Jagmohan
=245  12$aMeasurement of Heme Synthesis Levels in Mammalian Cells$h[electronic resource]
=260  \\$aCambridge, MA$bMyJoVE Corp$c2016
=300  \\$aonline resource (583 seconds)
=490  0\$aBiology
=500  \\$aTitle from resource description page
=520  \\$aAltered intracellular heme levels are associated with common diseases such as cancer. Thus, there is a need to measure heme biosynthesis levels in diverse cells. The goal of this protocol is to provide a fast and sensitive method to measure and compare the levels of heme synthesis in different cells.
=521  \\$aFor undergraduate, graduate, and professional students
=546  \\$aEnglish
=650  \0$aBiology
=856  40$uhttps://www.jove.com/video/51579
=945  \\$aThe Whole World

