=LDR  00646ngm a2200000i 4500
=001  JoVEBiology52707
=008  161201s2016\\\\xx\\\\\g\\\\\\s\\\\\eng\d
=035  \\$a(OCoLC)733445860
=040  \\$aVaAlASP$cVaAlASP
=100  1\$aCaballé-Serrano,Jordi
=245  12$aBone Conditioned Medium: Preparation and Bioassay$h[electronic resource]
=260  \\$aCambridge, MA$bMyJoVE Corp$c2016
=300  \\$aonline resource (438 seconds)
=490  0\$aBiology
=500  \\$aTitle from resource description page
=520  \\$aWe describe here how to prepare bone-conditioned medium (BCM) and test its activity in vitro.
=521  \\$aFor undergraduate, graduate, and professional students
=546  \\$aEnglish
=650  \0$aBiology
=856  40$uhttps://www.jove.com/video/52707
=945  \\$aThe Whole World

