=LDR  00791ngm a2200000i 4500
=001  JoVEMedicine52939
=008  161201s2016\\\\xx\\\\\g\\\\\\s\\\\\eng\d
=035  \\$a(OCoLC)733445860
=040  \\$aVaAlASP$cVaAlASP
=100  1\$aRossi,Francesca
=245  12$aAn "All-laser" Endothelial Transplant$h[electronic resource]
=260  \\$aCambridge, MA$bMyJoVE Corp$c2016
=300  \\$aonline resource (599 seconds)
=490  0\$aMedicine
=500  \\$aTitle from resource description page
=520  \\$aAn all laser procedure is proposed in the endothelial transplant. The surgical technique is based on the use of a femtosecond laser to prepare the donor tissue. Laser welding technique is then used to secure the donor endothelium in the correct position.
=521  \\$aFor undergraduate, graduate, and professional students
=546  \\$aEnglish
=650  \0$aMedicine
=856  40$uhttps://www.jove.com/video/52939
=945  \\$aThe Whole World

