=LDR  00794ngm a2200000i 4500
=001  JoVEMedicine52717
=008  161201s2016\\\\xx\\\\\g\\\\\\s\\\\\eng\d
=035  \\$a(OCoLC)733445860
=040  \\$aVaAlASP$cVaAlASP
=100  1\$aDi Cerbo,Alessandro
=245  12$aTherapeutic Effectiveness of a Dietary Supplement for Management of Halitosis in Dogs$h[electronic resource]
=260  \\$aCambridge, MA$bMyJoVE Corp$c2016
=300  \\$aonline resource (453 seconds)
=490  0\$aMedicine
=500  \\$aTitle from resource description page
=520  \\$aWe describe a simple approach for diagnosis of halitosis in dogs as well as a dietary approach for its management. This protocol may be extended to the management of halitosis in humans in the near future.
=521  \\$aFor undergraduate, graduate, and professional students
=546  \\$aEnglish
=650  \0$aMedicine
=856  40$uhttps://www.jove.com/video/52717
=945  \\$aThe Whole World

