=LDR  00921ngm a2200000i 4500
=001  JoVEMedicine50997
=008  161201s2016\\\\xx\\\\\g\\\\\\s\\\\\eng\d
=035  \\$a(OCoLC)733445860
=040  \\$aVaAlASP$cVaAlASP
=100  1\$aJadeja,Ravirajsinh N.
=245  12$aAssessing Myogenic Response and Vasoactivity In Resistance Mesenteric Arteries Using Pressure Myography$h[electronic resource]
=260  \\$aCambridge, MA$bMyJoVE Corp$c2016
=300  \\$aonline resource (648 seconds)
=490  0\$aMedicine
=500  \\$aTitle from resource description page
=520  \\$aPressure myography is used to assess vasoactivity of small arteries that develop sustained constriction when pressurized. This manuscript provides a detailed protocol to assess in isolated segments of small mesenteric arteries from rats, vasoactivity and the effect of intraluminal pressure on vascular diameter.
=521  \\$aFor undergraduate, graduate, and professional students
=546  \\$aEnglish
=650  \0$aMedicine
=856  40$uhttps://www.jove.com/video/50997
=945  \\$aThe Whole World

