=LDR  00906ngm a2200000i 4500
=001  JoVEBiology52912
=008  161201s2016\\\\xx\\\\\g\\\\\\s\\\\\eng\d
=035  \\$a(OCoLC)733445860
=040  \\$aVaAlASP$cVaAlASP
=100  1\$aFlegal,Matthew
=245  12$aMeasuring DNA Damage and Repair in Mouse Splenocytes After Chronic In Vivo Exposure to Very Low Doses of Beta- and Gamma-Radiation$h[electronic resource]
=260  \\$aCambridge, MA$bMyJoVE Corp$c2016
=300  \\$aonline resource (684 seconds)
=490  0\$aBiology
=500  \\$aTitle from resource description page
=520  \\$aA protocol to evaluate changes in DNA damage levels and DNA repair capacity that may be induced by chronic in vivo low dose irradiation in mouse spleen lymphocytes, by measuring phosphorylated histone H2AX, a marker of DNA double-strand breaks, using flow cytometry is presented. 
=521  \\$aFor undergraduate, graduate, and professional students
=546  \\$aEnglish
=650  \0$aBiology
=856  40$uhttps://www.jove.com/video/52912
=945  \\$aThe Whole World

