=LDR  00920ngm a2200000i 4500
=001  JoVEBiology52824
=008  161201s2016\\\\xx\\\\\g\\\\\\s\\\\\eng\d
=035  \\$a(OCoLC)733445860
=040  \\$aVaAlASP$cVaAlASP
=100  1\$aOng,Edmund
=245  12$aTracking Drug-induced Changes in Receptor Post-internalization Trafficking by Colocalizational Analysis$h[electronic resource]
=260  \\$aCambridge, MA$bMyJoVE Corp$c2016
=300  \\$aonline resource (468 seconds)
=490  0\$aBiology
=500  \\$aTitle from resource description page
=520  \\$aReceptor trafficking modulates signaling and cell responsiveness to ligands and is, itself, responsive to cell conditions, including ligand-induced signaling. Here, we describe a powerful and flexible technique for quantitatively assessing drug-induced receptor trafficking using immunolabeling and colocalizational analysis.
=521  \\$aFor undergraduate, graduate, and professional students
=546  \\$aEnglish
=650  \0$aBiology
=856  40$uhttps://www.jove.com/video/52824
=945  \\$aThe Whole World

