=LDR  00940ngm a2200000i 4500
=001  JoVEMedicine52672
=008  161201s2016\\\\xx\\\\\g\\\\\\s\\\\\eng\d
=035  \\$a(OCoLC)733445860
=040  \\$aVaAlASP$cVaAlASP
=100  1\$aTivari,Samir
=245  12$aAn In Vitro Dormancy Model of Estrogen-sensitive Breast Cancer in the Bone Marrow: A Tool for Molecular Mechanism Studies and Hypothesis Generation$h[electronic resource]
=260  \\$aCambridge, MA$bMyJoVE Corp$c2016
=300  \\$aonline resource (528 seconds)
=490  0\$aMedicine
=500  \\$aTitle from resource description page
=520  \\$aWe developed an in vitro model of dormancy in the bone marrow for estrogen-sensitive breast cancer cells. The goal of this protocol is to demonstrate use of the model for the study of the molecular and cellular biology of dormancy and for generation of hypotheses for subsequent testing in vivo. 
=521  \\$aFor undergraduate, graduate, and professional students
=546  \\$aEnglish
=650  \0$aMedicine
=856  40$uhttps://www.jove.com/video/52672
=945  \\$aThe Whole World

