=LDR  00809ngm a2200000i 4500
=001  JoVEMedicine52838
=008  161201s2016\\\\xx\\\\\g\\\\\\s\\\\\eng\d
=035  \\$a(OCoLC)733445860
=040  \\$aVaAlASP$cVaAlASP
=100  1\$aBonnard,Thomas
=245  12$aFerric Chloride-induced Thrombosis Mouse Model on Carotid Artery and Mesentery Vessel$h[electronic resource]
=260  \\$aCambridge, MA$bMyJoVE Corp$c2016
=300  \\$aonline resource (446 seconds)
=490  0\$aMedicine
=500  \\$aTitle from resource description page
=520  \\$aThe FeCl3 induced thrombosis model in mice is described herein. A method to monitor thrombus growth by intravital microscopy observation on a mesenteric vessel and by blood flow measurement in the carotid artery is presented.
=521  \\$aFor undergraduate, graduate, and professional students
=546  \\$aEnglish
=650  \0$aMedicine
=856  40$uhttps://www.jove.com/video/52838
=945  \\$aThe Whole World

