=LDR  00809ngm a2200000i 4500
=001  JoVEMedicine52825
=008  161201s2016\\\\xx\\\\\g\\\\\\s\\\\\eng\d
=035  \\$a(OCoLC)733445860
=040  \\$aVaAlASP$cVaAlASP
=100  1\$aAllahyari,R. Vivian
=245  12$aTriggering Reactive Gliosis In Vivo by a Forebrain Stab Injury$h[electronic resource]
=260  \\$aCambridge, MA$bMyJoVE Corp$c2016
=300  \\$aonline resource (466 seconds)
=490  0\$aMedicine
=500  \\$aTitle from resource description page
=520  \\$aThis article describes a detailed protocol to produce a forebrain stab injury in adult mice. The stab injury induces severe reactive gliosis and glial scar formation which can be subsequently examined by standard immunohistochemistry methods. 
=521  \\$aFor undergraduate, graduate, and professional students
=546  \\$aEnglish
=650  \0$aMedicine
=856  40$uhttps://www.jove.com/video/52825
=945  \\$aThe Whole World

