=LDR  00922ngm a2200000i 4500
=001  JoVEBiology52850
=008  161201s2016\\\\xx\\\\\g\\\\\\s\\\\\eng\d
=035  \\$a(OCoLC)733445860
=040  \\$aVaAlASP$cVaAlASP
=100  1\$aIlatovskaya,Daria V.
=245  12$aSingle-channel Analysis and Calcium Imaging in the Podocytes of the Freshly Isolated Glomeruli$h[electronic resource]
=260  \\$aCambridge, MA$bMyJoVE Corp$c2016
=300  \\$aonline resource (739 seconds)
=490  0\$aBiology
=500  \\$aTitle from resource description page
=520  \\$aChanges in the intracellular calcium levels in the podocytes are one of the most important means to control the filtration function of glomeruli. Here we explain a high-throughput approach that allows detection of real-time calcium handling and single ion channels activity in the podocytes of the freshly isolated glomeruli. 
=521  \\$aFor undergraduate, graduate, and professional students
=546  \\$aEnglish
=650  \0$aBiology
=856  40$uhttps://www.jove.com/video/52850
=945  \\$aThe Whole World

