=LDR  00887ngm a2200000i 4500
=001  JoVEMedicine52892
=008  161201s2016\\\\xx\\\\\g\\\\\\s\\\\\eng\d
=035  \\$a(OCoLC)733445860
=040  \\$aVaAlASP$cVaAlASP
=100  1\$aConover,Matt S.
=245  12$aEstablishment and Characterization of UTI and CAUTI in a Mouse Model$h[electronic resource]
=260  \\$aCambridge, MA$bMyJoVE Corp$c2016
=300  \\$aonline resource (520 seconds)
=490  0\$aMedicine
=500  \\$aTitle from resource description page
=520  \\$aThe ability to model urinary tract infections (UTI) is crucial in order to be able to understand bacterial pathogenesis and spawn the development of novel therapeutics. This work's goal is to demonstrate mouse models of experimental UTI and catheter associated UTI that recapitulate and predict findings seen in humans.
=521  \\$aFor undergraduate, graduate, and professional students
=546  \\$aEnglish
=650  \0$aMedicine
=856  40$uhttps://www.jove.com/video/52892
=945  \\$aThe Whole World

