=LDR  00927ngm a2200000i 4500
=001  JoVEMedicine52757
=008  161201s2016\\\\xx\\\\\g\\\\\\s\\\\\eng\d
=035  \\$a(OCoLC)733445860
=040  \\$aVaAlASP$cVaAlASP
=100  1\$aIrazabal,Maria V.
=245  12$aUse of Ultra-high Field MRI in Small Rodent Models of Polycystic Kidney Disease for In Vivo Phenotyping and Drug Monitoring$h[electronic resource]
=260  \\$aCambridge, MA$bMyJoVE Corp$c2016
=300  \\$aonline resource (455 seconds)
=490  0\$aMedicine
=500  \\$aTitle from resource description page
=520  \\$aThe use of ultra-high field MRI as a non-invasive way to obtain phenotypic information of rodent models for polycystic kidney disease and to monitor interventions is described. Compared with the traditional histological approach, MRI images can be acquired in vivo, allowing for longitudinal follow-up.
=521  \\$aFor undergraduate, graduate, and professional students
=546  \\$aEnglish
=650  \0$aMedicine
=856  40$uhttps://www.jove.com/video/52757
=945  \\$aThe Whole World

