=LDR  00905ngm a2200000i 4500
=001  JoVEMedicine52794
=008  161201s2016\\\\xx\\\\\g\\\\\\s\\\\\eng\d
=035  \\$a(OCoLC)733445860
=040  \\$aVaAlASP$cVaAlASP
=100  1\$aTalley Watts,Lora
=245  12$aRose Bengal Photothrombosis by Confocal Optical Imaging In Vivo:  A Model of Single Vessel Stroke$h[electronic resource]
=260  \\$aCambridge, MA$bMyJoVE Corp$c2016
=300  \\$aonline resource (487 seconds)
=490  0\$aMedicine
=500  \\$aTitle from resource description page
=520  \\$aHere, we describe a semi-invasive optical microscopy approach for the induction of a Rose Bengal photothrombotic clot in the somatosensory cortex of a mouse in vivo.  The technical aspects of the imaging procedure are described from induction of a photothrombotic event to application and data collection. 
=521  \\$aFor undergraduate, graduate, and professional students
=546  \\$aEnglish
=650  \0$aMedicine
=856  40$uhttps://www.jove.com/video/52794
=945  \\$aThe Whole World

