=LDR  00927ngm a2200000i 4500
=001  JoVEMedicine52801
=008  161201s2016\\\\xx\\\\\g\\\\\\s\\\\\eng\d
=035  \\$a(OCoLC)733445860
=040  \\$aVaAlASP$cVaAlASP
=100  1\$aLonardo,Enza
=245  12$aStudying Pancreatic Cancer Stem Cell Characteristics for Developing New Treatment Strategies$h[electronic resource]
=260  \\$aCambridge, MA$bMyJoVE Corp$c2016
=300  \\$aonline resource (449 seconds)
=490  0\$aMedicine
=500  \\$aTitle from resource description page
=520  \\$aPancreatic cancer stem cells (CSCs) can be expanded in vitro using the anchorage-independent sphere culture technique, which represents a powerful tool to study CSC biology and can serve as the first step to develop novel CSC-targeting therapies. Here the methodology for expanding, analyzing and targeting of pancreatic CSCs is provided.
=521  \\$aFor undergraduate, graduate, and professional students
=546  \\$aEnglish
=650  \0$aMedicine
=856  40$uhttps://www.jove.com/video/52801
=945  \\$aThe Whole World

