=LDR  00912ngm a2200000i 4500
=001  JoVEMedicine52611
=008  161201s2016\\\\xx\\\\\g\\\\\\s\\\\\eng\d
=035  \\$a(OCoLC)733445860
=040  \\$aVaAlASP$cVaAlASP
=100  1\$aKagemann,Larry
=245  12$aTrabecular Meshwork Response to Pressure Elevation in the Living Human Eye$h[electronic resource]
=260  \\$aCambridge, MA$bMyJoVE Corp$c2016
=300  \\$aonline resource (543 seconds)
=490  0\$aMedicine
=500  \\$aTitle from resource description page
=520  \\$aTrabecular meshwork (TM) migration into Schlemm's canal space can be induced by acute pressure elevation by ophthalmodynamometer, and observed by spectral domain optical coherence tomography. The goal of this method is to quantify the morphometric response of the living outflow tract to acute pressure elevation in living tissues in situ.
=521  \\$aFor undergraduate, graduate, and professional students
=546  \\$aEnglish
=650  \0$aMedicine
=856  40$uhttps://www.jove.com/video/52611
=945  \\$aThe Whole World

