=LDR  00684ngm a2200000i 4500
=001  JoVEBiology52924
=008  161201s2016\\\\xx\\\\\g\\\\\\s\\\\\eng\d
=035  \\$a(OCoLC)733445860
=040  \\$aVaAlASP$cVaAlASP
=100  1\$aLowe,Donna J.
=245  12$aQuantitation of Endothelial Cell Adhesiveness In Vitro$h[electronic resource]
=260  \\$aCambridge, MA$bMyJoVE Corp$c2016
=300  \\$aonline resource (624 seconds)
=490  0\$aBiology
=500  \\$aTitle from resource description page
=520  \\$aWe report an in vitro method that allows the quantitation of the actual number of adhesive cells within an endothelial cell monolayer. 
=521  \\$aFor undergraduate, graduate, and professional students
=546  \\$aEnglish
=650  \0$aBiology
=856  40$uhttps://www.jove.com/video/52924
=945  \\$aThe Whole World

