=LDR  00798ngm a2200000i 4500
=001  JoVEBiology52807
=008  161201s2016\\\\xx\\\\\g\\\\\\s\\\\\eng\d
=035  \\$a(OCoLC)733445860
=040  \\$aVaAlASP$cVaAlASP
=100  1\$aCheung,Sylvia T.
=245  12$aTransfecting RAW264.7 Cells with a Luciferase Reporter Gene$h[electronic resource]
=260  \\$aCambridge, MA$bMyJoVE Corp$c2016
=300  \\$aonline resource (778 seconds)
=490  0\$aBiology
=500  \\$aTitle from resource description page
=520  \\$aTransfection into the macrophage cell line, RAW264.7, is difficult due to the cell's natural response against foreign materials. We described here a gentle yet robust procedure for transfecting luciferase reporter genes into RAW264.7 cells. 
=521  \\$aFor undergraduate, graduate, and professional students
=546  \\$aEnglish
=650  \0$aBiology
=856  40$uhttps://www.jove.com/video/52807
=945  \\$aThe Whole World

