=LDR  00926ngm a2200000i 4500
=001  JoVEBiology52528
=008  161201s2016\\\\xx\\\\\g\\\\\\s\\\\\eng\d
=035  \\$a(OCoLC)733445860
=040  \\$aVaAlASP$cVaAlASP
=100  1\$aMcIlrath,Victoria
=245  12$aUsing Mouse Mammary Tumor Cells to Teach Core Biology Concepts: A Simple Lab Module$h[electronic resource]
=260  \\$aCambridge, MA$bMyJoVE Corp$c2016
=300  \\$aonline resource (639 seconds)
=490  0\$aBiology
=500  \\$aTitle from resource description page
=520  \\$aA feasible laboratory module for biology undergraduates that explores advanced cellular and molecular concepts using animal cell culture is described. Students grow, characterize and manipulate a breast cancer cell model by exposure to chemotherapy agents. Cell viability is assayed through cell counting using both a standard and novel method.
=521  \\$aFor undergraduate, graduate, and professional students
=546  \\$aEnglish
=650  \0$aBiology
=856  40$uhttps://www.jove.com/video/52528
=945  \\$aThe Whole World

