=LDR  00831ngm a2200000i 4500
=001  JoVEMedicine52811
=008  161201s2016\\\\xx\\\\\g\\\\\\s\\\\\eng\d
=035  \\$a(OCoLC)733445860
=040  \\$aVaAlASP$cVaAlASP
=100  1\$aRich,Michael E.
=245  12$aReduction of Iatrogenic Atrial Septal Defects with an Anterior and Inferior Transseptal Puncture Site when Operating the Cryoballoon Ablation Catheter$h[electronic resource]
=260  \\$aCambridge, MA$bMyJoVE Corp$c2016
=300  \\$aonline resource (480 seconds)
=490  0\$aMedicine
=500  \\$aTitle from resource description page
=520  \\$aThe goal of this study is to demonstrate the preferential location of transseptal puncture during a cryoballoon catheter ablation procedure for the treatment of atrial fibrillation.
=521  \\$aFor undergraduate, graduate, and professional students
=546  \\$aEnglish
=650  \0$aMedicine
=856  40$uhttps://www.jove.com/video/52811
=945  \\$aThe Whole World

