=LDR  00732ngm a2200000i 4500
=001  JoVEMedicine52618
=008  161201s2016\\\\xx\\\\\g\\\\\\s\\\\\eng\d
=035  \\$a(OCoLC)733445860
=040  \\$aVaAlASP$cVaAlASP
=100  1\$aZhang,Bo
=245  12$aCardiac Catheterization in Mice to Measure the Pressure Volume Relationship: Investigating the Bowditch Effect$h[electronic resource]
=260  \\$aCambridge, MA$bMyJoVE Corp$c2016
=300  \\$aonline resource (458 seconds)
=490  0\$aMedicine
=500  \\$aTitle from resource description page
=520  \\$aThis article describes the measurement of murine left ventricular function via pressure/volume analysis at different heart rates.
=521  \\$aFor undergraduate, graduate, and professional students
=546  \\$aEnglish
=650  \0$aMedicine
=856  40$uhttps://www.jove.com/video/52618
=945  \\$aThe Whole World

