=LDR  00910ngm a2200000i 4500
=001  JoVEBiology52772
=008  161201s2016\\\\xx\\\\\g\\\\\\s\\\\\eng\d
=035  \\$a(OCoLC)733445860
=040  \\$aVaAlASP$cVaAlASP
=100  1\$aYadavalli,Raghavendra
=245  12$aHeLa Based Cell Free Expression Systems for Expression of Plasmodium Rhoptry Proteins$h[electronic resource]
=260  \\$aCambridge, MA$bMyJoVE Corp$c2016
=300  \\$aonline resource (543 seconds)
=490  0\$aBiology
=500  \\$aTitle from resource description page
=520  \\$aExpression of malarial proteins in cell based systems remains challenging. We demonstrate two step and one step IVT (in vitro translation) cell free expression systems for expressing malarial recombinant rhoptry proteins from HeLa cells. We use a Ni-resin affinity based purification system to purify the rhoptry proteins.
=521  \\$aFor undergraduate, graduate, and professional students
=546  \\$aEnglish
=650  \0$aBiology
=856  40$uhttps://www.jove.com/video/52772
=945  \\$aThe Whole World

