=LDR  00973ngm a2200000i 4500
=001  JoVEBiology52734
=008  161201s2016\\\\xx\\\\\g\\\\\\s\\\\\eng\d
=035  \\$a(OCoLC)733445860
=040  \\$aVaAlASP$cVaAlASP
=100  1\$aEndres,Bradley T.
=245  12$aTwo-photon Imaging of Intracellular Ca2+ Handling and Nitric Oxide Production in Endothelial and Smooth Muscle Cells of an Isolated Rat Aorta$h[electronic resource]
=260  \\$aCambridge, MA$bMyJoVE Corp$c2016
=300  \\$aonline resource (488 seconds)
=490  0\$aBiology
=500  \\$aTitle from resource description page
=520  \\$aVascular cell functiondepends on activity of intracellular messengers.  Described here is an ex vivo two photon imaging method that allows the measurement of intracellular calcium and nitric oxide levels in response to physiological and pharmacological stimuli in individual endothelial and smooth muscle cells of an isolated aorta. 
=521  \\$aFor undergraduate, graduate, and professional students
=546  \\$aEnglish
=650  \0$aBiology
=856  40$uhttps://www.jove.com/video/52734
=945  \\$aThe Whole World

