=LDR  00933ngm a2200000i 4500
=001  JoVEMedicine52875
=008  161201s2016\\\\xx\\\\\g\\\\\\s\\\\\eng\d
=035  \\$a(OCoLC)733445860
=040  \\$aVaAlASP$cVaAlASP
=100  1\$aKunos,Charles A.
=245  12$aDynamic Lung Tumor Tracking for Stereotactic Ablative Body Radiation Therapy$h[electronic resource]
=260  \\$aCambridge, MA$bMyJoVE Corp$c2016
=300  \\$aonline resource (497 seconds)
=490  0\$aMedicine
=500  \\$aTitle from resource description page
=520  \\$aStereotactic ablative body radiation therapy (SBRT) involves the precise delivery of high-dose radiation to cancer tumor targets. A novel SBRT platform offers a first-of-its-kind gimbaled radiation accelerator mounted within a pivoting O-ring gantry capable of dynamic image-guided tumor tracking. Here, we describe dynamic tumor tracking for lung targets.
=521  \\$aFor undergraduate, graduate, and professional students
=546  \\$aEnglish
=650  \0$aMedicine
=856  40$uhttps://www.jove.com/video/52875
=945  \\$aThe Whole World

