=LDR  00844ngm a2200000i 4500
=001  JoVEMedicine52792
=008  161201s2016\\\\xx\\\\\g\\\\\\s\\\\\eng\d
=035  \\$a(OCoLC)733445860
=040  \\$aVaAlASP$cVaAlASP
=100  1\$aBracke,Marc E.
=245  12$aChick Heart Invasion Assay for Testing the Invasiveness of Cancer Cells and the Activity of Potentially Anti-invasive Compounds$h[electronic resource]
=260  \\$aCambridge, MA$bMyJoVE Corp$c2016
=300  \\$aonline resource (616 seconds)
=490  0\$aMedicine
=500  \\$aTitle from resource description page
=520  \\$aHere, we present a protocol to study the invasion of tumor cells into living normal tissue fragments in three dimensions. This organ culture technique is mainly applied to test potentially anti-invasive drugs in vitro.
=521  \\$aFor undergraduate, graduate, and professional students
=546  \\$aEnglish
=650  \0$aMedicine
=856  40$uhttps://www.jove.com/video/52792
=945  \\$aThe Whole World

