=LDR  00798ngm a2200000i 4500
=001  JoVEMedicine52700
=008  161201s2016\\\\xx\\\\\g\\\\\\s\\\\\eng\d
=035  \\$a(OCoLC)733445860
=040  \\$aVaAlASP$cVaAlASP
=100  1\$aBae,Jihye
=245  12$aBrain Source Imaging in Preclinical Rat Models of Focal Epilepsy using High-Resolution EEG Recordings$h[electronic resource]
=260  \\$aCambridge, MA$bMyJoVE Corp$c2016
=300  \\$aonline resource (500 seconds)
=490  0\$aMedicine
=500  \\$aTitle from resource description page
=520  \\$aThis video introduces the preparation, recording, and source analysis procedures of high-resolution EEG on sedated rats with a particular preclinical model of focal epilepsy under noninvasive conditions.
=521  \\$aFor undergraduate, graduate, and professional students
=546  \\$aEnglish
=650  \0$aMedicine
=856  40$uhttps://www.jove.com/video/52700
=945  \\$aThe Whole World

