=LDR  00763ngm a2200000i 4500
=001  JoVEMedicine52806
=008  161201s2016\\\\xx\\\\\g\\\\\\s\\\\\eng\d
=035  \\$a(OCoLC)733445860
=040  \\$aVaAlASP$cVaAlASP
=100  1\$aXu,Lu
=245  12$aEncapsulation Thermogenic Preadipocytes for Transplantation into Adipose Tissue Depots$h[electronic resource]
=260  \\$aCambridge, MA$bMyJoVE Corp$c2016
=300  \\$aonline resource (510 seconds)
=490  0\$aMedicine
=500  \\$aTitle from resource description page
=520  \\$aHere, we present a protocol for encapsulation of catabolic cells, which consume lipids for heat production in intra-abdominal adipose tissue and increase energy dissipation in obese mice.
=521  \\$aFor undergraduate, graduate, and professional students
=546  \\$aEnglish
=650  \0$aMedicine
=856  40$uhttps://www.jove.com/video/52806
=945  \\$aThe Whole World

