=LDR  00900ngm a2200000i 4500
=001  JoVEMedicine52213
=008  161201s2016\\\\xx\\\\\g\\\\\\s\\\\\eng\d
=035  \\$a(OCoLC)733445860
=040  \\$aVaAlASP$cVaAlASP
=100  1\$aBrandli,Alice
=245  12$aRemote Limb Ischemic Preconditioning:  A Neuroprotective Technique in Rodents$h[electronic resource]
=260  \\$aCambridge, MA$bMyJoVE Corp$c2016
=300  \\$aonline resource (472 seconds)
=490  0\$aMedicine
=500  \\$aTitle from resource description page
=520  \\$aRemote ischemic preconditioning (RIP) is a method of conditioning tissues against damaging stress. We have established a method of remote ischemia at the hind limb, by inflating a sphygmomanometer cuff for 5-10 min. The neuroprotective capabilities of RIP have been demonstrated in a model of retinal degeneration in rodents.
=521  \\$aFor undergraduate, graduate, and professional students
=546  \\$aEnglish
=650  \0$aMedicine
=856  40$uhttps://www.jove.com/video/52213
=945  \\$aThe Whole World

