=LDR  00885ngm a2200000i 4500
=001  JoVEBiology52868
=008  161201s2016\\\\xx\\\\\g\\\\\\s\\\\\eng\d
=035  \\$a(OCoLC)733445860
=040  \\$aVaAlASP$cVaAlASP
=100  1\$aCoffey,Anna
=245  12$aSpOT the Correct Tissue Every Time in Multi-tissue Blocks$h[electronic resource]
=260  \\$aCambridge, MA$bMyJoVE Corp$c2016
=300  \\$aonline resource (413 seconds)
=490  0\$aBiology
=500  \\$aTitle from resource description page
=520  \\$aThe purpose of the Specimen Orientation Tag (SpOT) is to function as an orientation tool to aid in individual tissue identification in multi-tissue paraffin blocks. These protocols demonstrate how it is constructed easily from common, low-cost histology materials and serves as a reliable visual marker in paraffin blocks and sections.
=521  \\$aFor undergraduate, graduate, and professional students
=546  \\$aEnglish
=650  \0$aBiology
=856  40$uhttps://www.jove.com/video/52868
=945  \\$aThe Whole World

