=LDR  00935ngm a2200000i 4500
=001  JoVEMedicine52752
=008  161201s2016\\\\xx\\\\\g\\\\\\s\\\\\eng\d
=035  \\$a(OCoLC)733445860
=040  \\$aVaAlASP$cVaAlASP
=100  1\$aBétemps,Dominique
=245  12$aDetection of Disease-associated α-synuclein by Enhanced ELISA in the Brain of Transgenic Mice Overexpressing Human A53T Mutated α-synuclein$h[electronic resource]
=260  \\$aCambridge, MA$bMyJoVE Corp$c2016
=300  \\$aonline resource (721 seconds)
=490  0\$aMedicine
=500  \\$aTitle from resource description page
=520  \\$aAn ELISA offering a novel quantitative approach is described. It specifically detects disease-associated α-synuclein (αSD) in a transgenic mouse model (M83) of synucleinopathy using several antibodies against either the Ser129 phosphorylated αS form or the C-terminal part of the protein.
=521  \\$aFor undergraduate, graduate, and professional students
=546  \\$aEnglish
=650  \0$aMedicine
=856  40$uhttps://www.jove.com/video/52752
=945  \\$aThe Whole World

