=LDR  00802ngm a2200000i 4500
=001  JoVEMedicine52743
=008  161201s2016\\\\xx\\\\\g\\\\\\s\\\\\eng\d
=035  \\$a(OCoLC)733445860
=040  \\$aVaAlASP$cVaAlASP
=100  1\$aCodolo,Gaia
=245  12$aEvaluation of the Efficacy of the H. pylori Protein HP-NAP as a Therapeutic Tool for Treatment of Bladder Cancer in an Orthotopic Murine Model$h[electronic resource]
=260  \\$aCambridge, MA$bMyJoVE Corp$c2016
=300  \\$aonline resource (372 seconds)
=490  0\$aMedicine
=500  \\$aTitle from resource description page
=520  \\$aHere the method to establish a syngeneic mouse model of orthotopic bladder tumour to evaluate the anti-tumour efficacy of the bacterial protein HP-NAP is described.
=521  \\$aFor undergraduate, graduate, and professional students
=546  \\$aEnglish
=650  \0$aMedicine
=856  40$uhttps://www.jove.com/video/52743
=945  \\$aThe Whole World

