=LDR  00925ngm a2200000i 4500
=001  JoVEMedicine52418
=008  161201s2016\\\\xx\\\\\g\\\\\\s\\\\\eng\d
=035  \\$a(OCoLC)733445860
=040  \\$aVaAlASP$cVaAlASP
=100  1\$aKearns,Mark J.
=245  12$aRat Heterotopic Abdominal Heart/Single-lung Transplantation in a Volume-loaded Configuration$h[electronic resource]
=260  \\$aCambridge, MA$bMyJoVE Corp$c2016
=300  \\$aonline resource (376 seconds)
=490  0\$aMedicine
=500  \\$aTitle from resource description page
=520  \\$aWe describe a novel technique for heterotopic abdominal heart-lung transplantation (HAHLT) in rats. The transplant configuration results in a partially loaded graft circulation, allowing direct functional assessment. This model may be employed for acute or chronic studies of function and immunologic status of the transplanted graft.
=521  \\$aFor undergraduate, graduate, and professional students
=546  \\$aEnglish
=650  \0$aMedicine
=856  40$uhttps://www.jove.com/video/52418
=945  \\$aThe Whole World

