=LDR  00889ngm a2200000i 4500
=001  JoVEMedicine52688
=008  161201s2016\\\\xx\\\\\g\\\\\\s\\\\\eng\d
=035  \\$a(OCoLC)733445860
=040  \\$aVaAlASP$cVaAlASP
=100  1\$aKarimian,Negin
=245  12$aEx Situ Normothermic Machine Perfusion of Donor Livers$h[electronic resource]
=260  \\$aCambridge, MA$bMyJoVE Corp$c2016
=300  \\$aonline resource (733 seconds)
=490  0\$aMedicine
=500  \\$aTitle from resource description page
=520  \\$aHere we present a protocol describing oxygenated ex situ machine perfusion of donor liver grafts. This article contains a step by step protocol to procure and prepare the liver graft for machine perfusion, prepare the perfusion fluid, prime the perfusion machine and perform oxygenated normothermic machine perfusion of the liver graft.
=521  \\$aFor undergraduate, graduate, and professional students
=546  \\$aEnglish
=650  \0$aMedicine
=856  40$uhttps://www.jove.com/video/52688
=945  \\$aThe Whole World

