=LDR  00858ngm a2200000i 4500
=001  JoVEMedicine52606
=008  161201s2016\\\\xx\\\\\g\\\\\\s\\\\\eng\d
=035  \\$a(OCoLC)733445860
=040  \\$aVaAlASP$cVaAlASP
=100  1\$aSommer,Philipp
=245  12$aNon-fluoroscopic Catheter Tracking for Fluoroscopy Reduction in Interventional Electrophysiology$h[electronic resource]
=260  \\$aCambridge, MA$bMyJoVE Corp$c2016
=300  \\$aonline resource (646 seconds)
=490  0\$aMedicine
=500  \\$aTitle from resource description page
=520  \\$aRadiation exposure is an underestimated risk in complex ablation procedures. Here, we describe a protocol to significantly decrease fluoroscopy time and dosage for both the patient and the lab staff by using a novel non-fluoroscopic catheter visualization system.
=521  \\$aFor undergraduate, graduate, and professional students
=546  \\$aEnglish
=650  \0$aMedicine
=856  40$uhttps://www.jove.com/video/52606
=945  \\$aThe Whole World

