=LDR  00967ngm a2200000i 4500
=001  JoVEMedicine50627
=008  161201s2016\\\\xx\\\\\g\\\\\\s\\\\\eng\d
=035  \\$a(OCoLC)733445860
=040  \\$aVaAlASP$cVaAlASP
=100  1\$aKirkby,Nicholas S.
=245  12$aGeneration and 3-Dimensional Quantitation of Arterial Lesions in Mice Using Optical Projection Tomography$h[electronic resource]
=260  \\$aCambridge, MA$bMyJoVE Corp$c2016
=300  \\$aonline resource (705 seconds)
=490  0\$aMedicine
=500  \\$aTitle from resource description page
=520  \\$aEx vivo analysis of arterial lesions from animal models of cardiovascular disease classically relies on histological and immunohistochemical techniques. These provide 2-dimensional measurements in 3-dimensional lesions. This manuscript describes the generation of arterial lesions for quantitative analysis in 3-dimensions using optical projection tomography.
=521  \\$aFor undergraduate, graduate, and professional students
=546  \\$aEnglish
=650  \0$aMedicine
=856  40$uhttps://www.jove.com/video/50627
=945  \\$aThe Whole World

