=LDR  00878ngm a2200000i 4500
=001  JoVEBiology52941
=008  161201s2016\\\\xx\\\\\g\\\\\\s\\\\\eng\d
=035  \\$a(OCoLC)733445860
=040  \\$aVaAlASP$cVaAlASP
=100  1\$aMitchell,Leslie A.
=245  12$aqPCRTag Analysis - A High Throughput, Real Time PCR Assay for Sc2.0 Genotyping$h[electronic resource]
=260  \\$aCambridge, MA$bMyJoVE Corp$c2016
=300  \\$aonline resource (420 seconds)
=490  0\$aBiology
=500  \\$aTitle from resource description page
=520  \\$aDesigner chromosomes of the Synthetic Yeast Genome project, Sc2.0, can be distinguished from their native counterparts using a PCR-based genotyping assay called PCRTagging, which has a presence/absence endpoint. Here we describe a high-throughput real time PCR detection method for PCRTag genotyping.
=521  \\$aFor undergraduate, graduate, and professional students
=546  \\$aEnglish
=650  \0$aBiology
=856  40$uhttps://www.jove.com/video/52941
=945  \\$aThe Whole World

