=LDR  00931ngm a2200000i 4500
=001  JoVEBiology52647
=008  161201s2016\\\\xx\\\\\g\\\\\\s\\\\\eng\d
=035  \\$a(OCoLC)733445860
=040  \\$aVaAlASP$cVaAlASP
=100  1\$aWolter,Justin M.
=245  12$aDetection of miRNA Targets in High-throughput Using the 3'LIFE Assay$h[electronic resource]
=260  \\$aCambridge, MA$bMyJoVE Corp$c2016
=300  \\$aonline resource (769 seconds)
=490  0\$aBiology
=500  \\$aTitle from resource description page
=520  \\$aLuminescent identification of functional elements in 3' untranslated regions (3'UTRs) (3'LIFE) is a technique to identify functional regulation in 3'UTRs by miRNAs or other regulatory factors. This protocol utilizes high-throughput methodology such as 96-well transfection and luciferase assays to screen hundreds of putative interactions for functional repression.
=521  \\$aFor undergraduate, graduate, and professional students
=546  \\$aEnglish
=650  \0$aBiology
=856  40$uhttps://www.jove.com/video/52647
=945  \\$aThe Whole World

