=LDR  00708ngm a2200000i 4500
=001  JoVEMedicine52759
=008  161201s2016\\\\xx\\\\\g\\\\\\s\\\\\eng\d
=035  \\$a(OCoLC)733445860
=040  \\$aVaAlASP$cVaAlASP
=100  1\$aMurali,Karthik
=245  12$aWhole Vitreous Humor Dissection for Vitreodynamic Analysis$h[electronic resource]
=260  \\$aCambridge, MA$bMyJoVE Corp$c2016
=300  \\$aonline resource (281 seconds)
=490  0\$aMedicine
=500  \\$aTitle from resource description page
=520  \\$aThe goal of this protocol is to show an effective technique to isolate whole, intact vitreous core and cortex from post mortem enucleated porcine eyes.
=521  \\$aFor undergraduate, graduate, and professional students
=546  \\$aEnglish
=650  \0$aMedicine
=856  40$uhttps://www.jove.com/video/52759
=945  \\$aThe Whole World

