=LDR  00863ngm a2200000i 4500
=001  JoVEBiology52763
=008  161201s2016\\\\xx\\\\\g\\\\\\s\\\\\eng\d
=035  \\$a(OCoLC)733445860
=040  \\$aVaAlASP$cVaAlASP
=100  1\$aFang,Lei
=245  12$aComet Assay as an Indirect Measure of Systemic Oxidative Stress$h[electronic resource]
=260  \\$aCambridge, MA$bMyJoVE Corp$c2016
=300  \\$aonline resource (503 seconds)
=490  0\$aBiology
=500  \\$aTitle from resource description page
=520  \\$aComet assay measures DNA breaks, induced by different factors. If all factors (except oxidative stress) causing DNA damage are kept constant, the amount of DNA damage is a good indirect parameter of oxidative stress. The goal of this protocol is to use comet assay for indirect measurement of oxidative stress.
=521  \\$aFor undergraduate, graduate, and professional students
=546  \\$aEnglish
=650  \0$aBiology
=856  40$uhttps://www.jove.com/video/52763
=945  \\$aThe Whole World

