=LDR  00815ngm a2200000i 4500
=001  JoVEMedicine52727
=008  161201s2016\\\\xx\\\\\g\\\\\\s\\\\\eng\d
=035  \\$a(OCoLC)733445860
=040  \\$aVaAlASP$cVaAlASP
=100  1\$aHoribata,Sachi
=245  12$aUtilization of the Soft Agar Colony Formation Assay to Identify Inhibitors of Tumorigenicity in Breast Cancer Cells$h[electronic resource]
=260  \\$aCambridge, MA$bMyJoVE Corp$c2016
=300  \\$aonline resource (666 seconds)
=490  0\$aMedicine
=500  \\$aTitle from resource description page
=520  \\$aHere, we document the use of the soft agar colony formation assay to test the effects of a peptidylarginine deiminase (PADI) enzyme inhibitor, BB-Cl-amidine, on breast cancer tumorigenicity in vitro.  
=521  \\$aFor undergraduate, graduate, and professional students
=546  \\$aEnglish
=650  \0$aMedicine
=856  40$uhttps://www.jove.com/video/52727
=945  \\$aThe Whole World

