=LDR  00891ngm a2200000i 4500
=001  JoVEMedicine52609
=008  161201s2016\\\\xx\\\\\g\\\\\\s\\\\\eng\d
=035  \\$a(OCoLC)733445860
=040  \\$aVaAlASP$cVaAlASP
=100  1\$aDong,Shengli
=245  12$aPrimary Tumor and MEF Cell Isolation to Study Lung Metastasis$h[electronic resource]
=260  \\$aCambridge, MA$bMyJoVE Corp$c2016
=300  \\$aonline resource (391 seconds)
=490  0\$aMedicine
=500  \\$aTitle from resource description page
=520  \\$aThe goal of this protocol is to study breast tumorigenesis. With this technique, mouse mammary tumors are removed and primary cells are prepared from tumors. A lung extraction protocol is included for studying lung metastasis. Furthermore, another protocol for analyzing mouse embryonic fibroblasts from the mouse embryo is included.
=521  \\$aFor undergraduate, graduate, and professional students
=546  \\$aEnglish
=650  \0$aMedicine
=856  40$uhttps://www.jove.com/video/52609
=945  \\$aThe Whole World

