=LDR  00796ngm a2200000i 4500
=001  JoVEBiology52766
=008  161201s2016\\\\xx\\\\\g\\\\\\s\\\\\eng\d
=035  \\$a(OCoLC)733445860
=040  \\$aVaAlASP$cVaAlASP
=100  1\$aLee,Graham
=245  12$aSampling Blood from the Lateral Tail Vein of the Rat$h[electronic resource]
=260  \\$aCambridge, MA$bMyJoVE Corp$c2016
=300  \\$aonline resource (431 seconds)
=490  0\$aBiology
=500  \\$aTitle from resource description page
=520  \\$aBlood samples are useful for assessing biomarkers of physiological states or disease in vivo. Here we describe the methodology to sample blood from the lateral tail vein in the rat. This method provides rapid samples with minimal pain and invasiveness.
=521  \\$aFor undergraduate, graduate, and professional students
=546  \\$aEnglish
=650  \0$aBiology
=856  40$uhttps://www.jove.com/video/52766
=945  \\$aThe Whole World

