=LDR  00888ngm a2200000i 4500
=001  JoVEMedicine52800
=008  161201s2016\\\\xx\\\\\g\\\\\\s\\\\\eng\d
=035  \\$a(OCoLC)733445860
=040  \\$aVaAlASP$cVaAlASP
=100  1\$aEnns,Winnie
=245  12$aMouse Model of Alloimmune-induced Vascular Rejection and Transplant Arteriosclerosis$h[electronic resource]
=260  \\$aCambridge, MA$bMyJoVE Corp$c2016
=300  \\$aonline resource (425 seconds)
=490  0\$aMedicine
=500  \\$aTitle from resource description page
=520  \\$aWe describe a protocol for aortic interposition grafting in mice. The goal of the protocol is to provide a model with which to study pathological processes and therapeutic strategies relevant to alloimmune reactions in arteries and the resultant arterial changes that contribute to organ transplant failure. 
=521  \\$aFor undergraduate, graduate, and professional students
=546  \\$aEnglish
=650  \0$aMedicine
=856  40$uhttps://www.jove.com/video/52800
=945  \\$aThe Whole World

