=LDR  00771ngm a2200000i 4500
=001  JoVEMedicine52454
=008  161201s2016\\\\xx\\\\\g\\\\\\s\\\\\eng\d
=035  \\$a(OCoLC)733445860
=040  \\$aVaAlASP$cVaAlASP
=100  1\$aKyng,Kasper J.
=245  12$aA Piglet Model of Neonatal Hypoxic-Ischemic Encephalopathy$h[electronic resource]
=260  \\$aCambridge, MA$bMyJoVE Corp$c2016
=300  \\$aonline resource (630 seconds)
=490  0\$aMedicine
=500  \\$aTitle from resource description page
=520  \\$aHypoxic-ischemic encephalopathy following perinatal asphyxia can be studied using animal models. We demonstrate the procedures necessary for establishing a piglet model of neonatal hypoxic-ischemic encephalopathy. 
=521  \\$aFor undergraduate, graduate, and professional students
=546  \\$aEnglish
=650  \0$aMedicine
=856  40$uhttps://www.jove.com/video/52454
=945  \\$aThe Whole World

