=LDR  00726ngm a2200000i 4500
=001  JoVEMedicine52793
=008  161201s2016\\\\xx\\\\\g\\\\\\s\\\\\eng\d
=035  \\$a(OCoLC)733445860
=040  \\$aVaAlASP$cVaAlASP
=100  1\$aKumar,Ajay
=245  12$aDo's and Don'ts in the Preparation of Muscle Cryosections for Histological Analysis$h[electronic resource]
=260  \\$aCambridge, MA$bMyJoVE Corp$c2016
=300  \\$aonline resource (627 seconds)
=490  0\$aMedicine
=500  \\$aTitle from resource description page
=520  \\$aHere we demonstrate the most efficient methods for freezing, embedding, cryosectioning, and staining of muscle biopsies to avoid freezing artifacts.
=521  \\$aFor undergraduate, graduate, and professional students
=546  \\$aEnglish
=650  \0$aMedicine
=856  40$uhttps://www.jove.com/video/52793
=945  \\$aThe Whole World

