=LDR  01024ngm a2200000i 4500
=001  JoVEMedicine52731
=008  161201s2016\\\\xx\\\\\g\\\\\\s\\\\\eng\d
=035  \\$a(OCoLC)733445860
=040  \\$aVaAlASP$cVaAlASP
=100  1\$aBosco,Alejandra
=245  12$aIn Vivo Dynamics of Retinal Microglial Activation During Neurodegeneration: Confocal Ophthalmoscopic Imaging and Cell Morphometry in Mouse Glaucoma$h[electronic resource]
=260  \\$aCambridge, MA$bMyJoVE Corp$c2016
=300  \\$aonline resource (768 seconds)
=490  0\$aMedicine
=500  \\$aTitle from resource description page
=520  \\$aMicroglia activation and microgliosis are key responses to chronic neurodegeneration. Here, we present methods for in vivo, long-term visualization of retinal CX3CR1-GFP+ microglial cells by confocal ophthalmoscopy, and for threshold and morphometric analyses to identify and quantify their activation. We monitor microglial changes during early stages of age-related glaucoma.
=521  \\$aFor undergraduate, graduate, and professional students
=546  \\$aEnglish
=650  \0$aMedicine
=856  40$uhttps://www.jove.com/video/52731
=945  \\$aThe Whole World

