=LDR  00834ngm a2200000i 4500
=001  JoVEMedicine52632
=008  161201s2016\\\\xx\\\\\g\\\\\\s\\\\\eng\d
=035  \\$a(OCoLC)733445860
=040  \\$aVaAlASP$cVaAlASP
=100  1\$aDo,Oanh H.
=245  12$aLeprdb Mouse Model of Type 2 Diabetes: Pancreatic Islet Isolation and Live-cell 2-Photon Imaging Of Intact Islets$h[electronic resource]
=260  \\$aCambridge, MA$bMyJoVE Corp$c2016
=300  \\$aonline resource (609 seconds)
=490  0\$aMedicine
=500  \\$aTitle from resource description page
=520  \\$aWe present here a protocol for the isolation of islets from the mouse model of type 2 diabetes, Leprdb and details of a live-cell assay for measurement of insulin secretion from intact islets that utilizes 2 photon microscopy.
=521  \\$aFor undergraduate, graduate, and professional students
=546  \\$aEnglish
=650  \0$aMedicine
=856  40$uhttps://www.jove.com/video/52632
=945  \\$aThe Whole World

