=LDR  00987ngm a2200000i 4500
=001  JoVEMedicine52571
=008  161201s2016\\\\xx\\\\\g\\\\\\s\\\\\eng\d
=035  \\$a(OCoLC)733445860
=040  \\$aVaAlASP$cVaAlASP
=100  1\$aCourboulin,Audrey
=245  12$aIncreasing Pulmonary Artery Pulsatile Flow Improves Hypoxic Pulmonary Hypertension in Piglets$h[electronic resource]
=260  \\$aCambridge, MA$bMyJoVE Corp$c2016
=300  \\$aonline resource (488 seconds)
=490  0\$aMedicine
=500  \\$aTitle from resource description page
=520  \\$aPulmonary hypertension is associated with a significant reduction in pulmonary artery pulsatility, contractility and elasticity, contributing to an increase in pulmonary artery pressure and pulmonary resistance. Using a hypoxic piglet model, this study demonstrated that improving pulmonary artery plasticity using a newly developed pulsatile catheter improves hypoxic pulmonary hypertension.
=521  \\$aFor undergraduate, graduate, and professional students
=546  \\$aEnglish
=650  \0$aMedicine
=856  40$uhttps://www.jove.com/video/52571
=945  \\$aThe Whole World

