=LDR  00848ngm a2200000i 4500
=001  JoVEBiology52784
=008  161201s2016\\\\xx\\\\\g\\\\\\s\\\\\eng\d
=035  \\$a(OCoLC)733445860
=040  \\$aVaAlASP$cVaAlASP
=100  1\$aGriffin,Percy
=245  12$aMethod for Measuring the Activity of Deubiquitinating Enzymes in Cell Lines and Tissue Samples$h[electronic resource]
=260  \\$aCambridge, MA$bMyJoVE Corp$c2016
=300  \\$aonline resource (585 seconds)
=490  0\$aBiology
=500  \\$aTitle from resource description page
=520  \\$aThe current protocol details a method for measuring the activity of functionally homologous deubiquitinating enzymes. Specialized probes covalently modify the enzyme and allow for detection. This method holds the potential to identify new therapeutic targets.
=521  \\$aFor undergraduate, graduate, and professional students
=546  \\$aEnglish
=650  \0$aBiology
=856  40$uhttps://www.jove.com/video/52784
=945  \\$aThe Whole World

