=LDR  00863ngm a2200000i 4500
=001  JoVEBiology52746
=008  161201s2016\\\\xx\\\\\g\\\\\\s\\\\\eng\d
=035  \\$a(OCoLC)733445860
=040  \\$aVaAlASP$cVaAlASP
=100  1\$aPossik,Elite
=245  12$aMeasuring Oxidative Stress Resistance of Caenorhabditis elegans in 96-well Microtiter Plates$h[electronic resource]
=260  \\$aCambridge, MA$bMyJoVE Corp$c2016
=300  \\$aonline resource (490 seconds)
=490  0\$aBiology
=500  \\$aTitle from resource description page
=520  \\$aC. elegans is an attractive model organism to study signal transduction pathways involved in oxidative stress resistance. Here we provide a protocol to measure oxidative stress resistance of C. elegans animals in liquid phase, using several oxidizing agents in 96 well plates. 
=521  \\$aFor undergraduate, graduate, and professional students
=546  \\$aEnglish
=650  \0$aBiology
=856  40$uhttps://www.jove.com/video/52746
=945  \\$aThe Whole World

