=LDR  00752ngm a2200000i 4500
=001  JoVEMedicine52625
=008  161201s2016\\\\xx\\\\\g\\\\\\s\\\\\eng\d
=035  \\$a(OCoLC)733445860
=040  \\$aVaAlASP$cVaAlASP
=100  1\$aCouceiro,José
=245  12$a

Step By Step: Microsurgical training method combining two nonliving animal models$h[electronic resource]
=260  \\$aCambridge, MA$bMyJoVE Corp$c2016
=300  \\$aonline resource (325 seconds)
=490  0\$aMedicine
=500  \\$aTitle from resource description page
=520  \\$aHere we describe how to set up a small microsurgical practice station and a simple and inexpensive method for the training of microsurgery with non-living animal models. 
=521  \\$aFor undergraduate, graduate, and professional students
=546  \\$aEnglish
=650  \0$aMedicine
=856  40$uhttps://www.jove.com/video/52625
=945  \\$aThe Whole World

