=LDR  00975ngm a2200000i 4500
=001  JoVEMedicine52699
=008  161201s2016\\\\xx\\\\\g\\\\\\s\\\\\eng\d
=035  \\$a(OCoLC)733445860
=040  \\$aVaAlASP$cVaAlASP
=100  1\$aAlluri,Himakarnika
=245  12$aOxygen-Glucose Deprivation and Reoxygenation as an In Vitro Ischemia-Reperfusion Injury Model for Studying Blood-Brain Barrier Dysfunction$h[electronic resource]
=260  \\$aCambridge, MA$bMyJoVE Corp$c2016
=300  \\$aonline resource (536 seconds)
=490  0\$aMedicine
=500  \\$aTitle from resource description page
=520  \\$aIschemia-Reperfusion (IR) injury is associated with a high rate of morbidity and mortality. The goal of the in vitro model of oxygen-glucose deprivation and reoxygenation (OGD-R) described here is to assess the effects of ischemia reperfusion injury on a variety of cells, particularly in blood-brain barrier (BBB) endothelial cells. 
=521  \\$aFor undergraduate, graduate, and professional students
=546  \\$aEnglish
=650  \0$aMedicine
=856  40$uhttps://www.jove.com/video/52699
=945  \\$aThe Whole World

