=LDR  00910ngm a2200000i 4500
=001  JoVEMedicine52536
=008  161201s2016\\\\xx\\\\\g\\\\\\s\\\\\eng\d
=035  \\$a(OCoLC)733445860
=040  \\$aVaAlASP$cVaAlASP
=100  1\$aDubory,Arnaud
=245  12$aContrast Enhanced Ultrasound Imaging for Assessment of Spinal Cord Blood Flow in Experimental Spinal Cord Injury$h[electronic resource]
=260  \\$aCambridge, MA$bMyJoVE Corp$c2016
=300  \\$aonline resource (559 seconds)
=490  0\$aMedicine
=500  \\$aTitle from resource description page
=520  \\$aContrast Enhanced Ultrasound imaging is a reliable in-vivo tool for quantifying spinal cord blood flow in an experimental rat spinal cord injury model. This paper contains a comprehensive protocol for application of this technique in association with a contusion model of thoracic spinal cord injury.
=521  \\$aFor undergraduate, graduate, and professional students
=546  \\$aEnglish
=650  \0$aMedicine
=856  40$uhttps://www.jove.com/video/52536
=945  \\$aThe Whole World

