=LDR  00987ngm a2200000i 4500
=001  JoVEMedicine52055
=008  161201s2016\\\\xx\\\\\g\\\\\\s\\\\\eng\d
=035  \\$a(OCoLC)733445860
=040  \\$aVaAlASP$cVaAlASP
=100  1\$aSpetzler,Vinzent N.
=245  12$aTechnique of Porcine Liver Procurement and Orthotopic Transplantation using an Active Porto-Caval Shunt$h[electronic resource]
=260  \\$aCambridge, MA$bMyJoVE Corp$c2016
=300  \\$aonline resource (747 seconds)
=490  0\$aMedicine
=500  \\$aTitle from resource description page
=520  \\$aExperimental animal research plays a pivotal role in the development of clinical transplantation practice. The porcine orthotopic liver transplantation model (OLTx) closely resembles human conditions and is frequently used in clinically oriented research. The following protocol contains all information for a reliable porcine OLTx model using an active porto-caval-jugular shunt.
=521  \\$aFor undergraduate, graduate, and professional students
=546  \\$aEnglish
=650  \0$aMedicine
=856  40$uhttps://www.jove.com/video/52055
=945  \\$aThe Whole World

