=LDR  01023ngm a2200000i 4500
=001  JoVEMedicine52675
=008  161201s2016\\\\xx\\\\\g\\\\\\s\\\\\eng\d
=035  \\$a(OCoLC)733445860
=040  \\$aVaAlASP$cVaAlASP
=100  1\$aPoinsatte,Katherine
=245  12$aQuantification of Neurovascular Protection Following Repetitive Hypoxic Preconditioning and Transient Middle Cerebral Artery Occlusion in Mice$h[electronic resource]
=260  \\$aCambridge, MA$bMyJoVE Corp$c2016
=300  \\$aonline resource (588 seconds)
=490  0\$aMedicine
=500  \\$aTitle from resource description page
=520  \\$aThis protocol describes repetitive hypoxic preconditioning, or brief exposures to systemic hypoxia that reduce infarct volumes and blood-brain barrier disruption following transient middle cerebral artery occlusion in mice. It also details dual quantification of infarct volume and blood-brain barrier disruption after stroke to assess the efficacy of neurovascular protection.
=521  \\$aFor undergraduate, graduate, and professional students
=546  \\$aEnglish
=650  \0$aMedicine
=856  40$uhttps://www.jove.com/video/52675
=945  \\$aThe Whole World

