=LDR  00931ngm a2200000i 4500
=001  JoVEBiology52782
=008  161201s2016\\\\xx\\\\\g\\\\\\s\\\\\eng\d
=035  \\$a(OCoLC)733445860
=040  \\$aVaAlASP$cVaAlASP
=100  1\$aLuxardi,Guillaume
=245  12$aMeasurement of Extracellular Ion Fluxes Using the Ion-selective Self-referencing Microelectrode Technique$h[electronic resource]
=260  \\$aCambridge, MA$bMyJoVE Corp$c2016
=300  \\$aonline resource (558 seconds)
=490  0\$aBiology
=500  \\$aTitle from resource description page
=520  \\$aTransporters in cell membranes allow differential segregation of ions across cell membranes or cell layers and play crucial roles during tissue physiology, repair and pathology. We describe the ion-selective self-referencing microelectrode that allows the measurement of specific ion fluxes at single cells and tissues in vivo.
=521  \\$aFor undergraduate, graduate, and professional students
=546  \\$aEnglish
=650  \0$aBiology
=856  40$uhttps://www.jove.com/video/52782
=945  \\$aThe Whole World

