=LDR  00798ngm a2200000i 4500
=001  JoVEBiology52482
=008  161201s2016\\\\xx\\\\\g\\\\\\s\\\\\eng\d
=035  \\$a(OCoLC)733445860
=040  \\$aVaAlASP$cVaAlASP
=100  1\$aOhkuni,Kentaro
=245  12$aProtein Purification Technique that Allows Detection of Sumoylation and Ubiquitination of Budding Yeast Kinetochore Proteins Ndc10 and Ndc80$h[electronic resource]
=260  \\$aCambridge, MA$bMyJoVE Corp$c2016
=300  \\$aonline resource (748 seconds)
=490  0\$aBiology
=500  \\$aTitle from resource description page
=520  \\$aThis manuscript describes the detection of sumoylation and ubiquitination of kinetochore proteins, Ndc10 and Ndc80, in the budding yeast Saccharomyces cerevisiae.
=521  \\$aFor undergraduate, graduate, and professional students
=546  \\$aEnglish
=650  \0$aBiology
=856  40$uhttps://www.jove.com/video/52482
=945  \\$aThe Whole World

