=LDR  00959ngm a2200000i 4500
=001  JoVEMedicine52691
=008  161201s2016\\\\xx\\\\\g\\\\\\s\\\\\eng\d
=035  \\$a(OCoLC)733445860
=040  \\$aVaAlASP$cVaAlASP
=100  1\$aLokmic,Zerina
=245  12$aIsolation of Human Lymphatic Endothelial Cells by Multi-parameter Fluorescence-activated Cell Sorting$h[electronic resource]
=260  \\$aCambridge, MA$bMyJoVE Corp$c2016
=300  \\$aonline resource (456 seconds)
=490  0\$aMedicine
=500  \\$aTitle from resource description page
=520  \\$aThe goal of this protocol is to isolate lymphatic endothelial cells lining human lymphatic malformation cyst-like vessels and foreskins using fluorescence-activated cell sorting (FACS). Subsequent cell culturing and expansion of these cells permits a new level of experimental sophistication for genetic, proteomic, functional and cell differentiation studies.
=521  \\$aFor undergraduate, graduate, and professional students
=546  \\$aEnglish
=650  \0$aMedicine
=856  40$uhttps://www.jove.com/video/52691
=945  \\$aThe Whole World

