=LDR  00812ngm a2200000i 4500
=001  JoVEMedicine52686
=008  161201s2016\\\\xx\\\\\g\\\\\\s\\\\\eng\d
=035  \\$a(OCoLC)733445860
=040  \\$aVaAlASP$cVaAlASP
=100  1\$aVinci,Maria
=245  12$aThree-Dimensional (3D) Tumor Spheroid Invasion Assay$h[electronic resource]
=260  \\$aCambridge, MA$bMyJoVE Corp$c2016
=300  \\$aonline resource (739 seconds)
=490  0\$aMedicine
=500  \\$aTitle from resource description page
=520  \\$aInvasion of surrounding normal tissues is a defining characteristic of malignant tumors. We provide here a simple, semi-automated micro-plate assay of invasion into a natural 3D biomatrix that has been exemplified with a number of models of advanced human cancers.
=521  \\$aFor undergraduate, graduate, and professional students
=546  \\$aEnglish
=650  \0$aMedicine
=856  40$uhttps://www.jove.com/video/52686
=945  \\$aThe Whole World

