=LDR  00962ngm a2200000i 4500
=001  JoVEMedicine52665
=008  161201s2016\\\\xx\\\\\g\\\\\\s\\\\\eng\d
=035  \\$a(OCoLC)733445860
=040  \\$aVaAlASP$cVaAlASP
=100  1\$aMartowicz,Agnieszka
=245  12$aEstablishment of a Human Multiple Myeloma Xenograft Model in the Chicken to Study Tumor Growth, Invasion and Angiogenesis$h[electronic resource]
=260  \\$aCambridge, MA$bMyJoVE Corp$c2016
=300  \\$aonline resource (604 seconds)
=490  0\$aMedicine
=500  \\$aTitle from resource description page
=520  \\$aHuman multiple myeloma (MM) cells require the supportive microenvironment of mesenchymal cells and extracellular matrix components for survival and proliferation. We established an in vivo chicken embryo model with engrafted human myeloma and mesenchymal cells to study effects of cancer drugs on tumor growth, invasion and angiogenesis.
=521  \\$aFor undergraduate, graduate, and professional students
=546  \\$aEnglish
=650  \0$aMedicine
=856  40$uhttps://www.jove.com/video/52665
=945  \\$aThe Whole World

