=LDR  00976ngm a2200000i 4500
=001  JoVEBiology52698
=008  161201s2016\\\\xx\\\\\g\\\\\\s\\\\\eng\d
=035  \\$a(OCoLC)733445860
=040  \\$aVaAlASP$cVaAlASP
=100  1\$aCogger,Victoria C
=245  12$aA Standardized Method for the Analysis of Liver Sinusoidal Endothelial Cells and Their Fenestrations by Scanning Electron Microscopy$h[electronic resource]
=260  \\$aCambridge, MA$bMyJoVE Corp$c2016
=300  \\$aonline resource (518 seconds)
=490  0\$aBiology
=500  \\$aTitle from resource description page
=520  \\$aThe fenestrated liver sinusoidal endothelial cell is a biologically important filter system that is highly influenced by various diseases, toxins, and physiological states. These changes significantly impact on liver function. We describe methods for the standardisation of the measurement of the size and number of fenestrations in these cells.
=521  \\$aFor undergraduate, graduate, and professional students
=546  \\$aEnglish
=650  \0$aBiology
=856  40$uhttps://www.jove.com/video/52698
=945  \\$aThe Whole World

