=LDR  00901ngm a2200000i 4500
=001  JoVEBiology52684
=008  161201s2016\\\\xx\\\\\g\\\\\\s\\\\\eng\d
=035  \\$a(OCoLC)733445860
=040  \\$aVaAlASP$cVaAlASP
=100  1\$aMcParland,Aidan L.
=245  12$aMeasurement of Larval Activity in the Drosophila Activity Monitor$h[electronic resource]
=260  \\$aCambridge, MA$bMyJoVE Corp$c2016
=300  \\$aonline resource (570 seconds)
=490  0\$aBiology
=500  \\$aTitle from resource description page
=520  \\$aThis report describes a method for measuring Drosophila larval activity using the TriKinetics Drosophila Activity Monitor. The device employs infrared beams to detect movements of up to 16 individual animals. Data can be analyzed to represent motion parameters including rates and the positions of the animals within the assay chambers.
=521  \\$aFor undergraduate, graduate, and professional students
=546  \\$aEnglish
=650  \0$aBiology
=856  40$uhttps://www.jove.com/video/52684
=945  \\$aThe Whole World

