=LDR  00707ngm a2200000i 4500
=001  JoVEMedicine52777
=008  161201s2016\\\\xx\\\\\g\\\\\\s\\\\\eng\d
=035  \\$a(OCoLC)733445860
=040  \\$aVaAlASP$cVaAlASP
=100  1\$aBruinsma,Bote G.
=245  12$aFunctional Human Liver Preservation and Recovery by Means of Subnormothermic Machine Perfusion$h[electronic resource]
=260  \\$aCambridge, MA$bMyJoVE Corp$c2016
=300  \\$aonline resource (534 seconds)
=490  0\$aMedicine
=500  \\$aTitle from resource description page
=520  \\$aWe describe a method of ex vivo machine perfusion of human liver grafts at subnormothermic temperature (21 °C).
=521  \\$aFor undergraduate, graduate, and professional students
=546  \\$aEnglish
=650  \0$aMedicine
=856  40$uhttps://www.jove.com/video/52777
=945  \\$aThe Whole World

