=LDR  00994ngm a2200000i 4500
=001  JoVEMedicine52413
=008  161201s2016\\\\xx\\\\\g\\\\\\s\\\\\eng\d
=035  \\$a(OCoLC)733445860
=040  \\$aVaAlASP$cVaAlASP
=100  1\$aLamoureux,Lorissa
=245  12$aA Rat Model of Ventricular Fibrillation and Resuscitation by Conventional Closed-chest Technique$h[electronic resource]
=260  \\$aCambridge, MA$bMyJoVE Corp$c2016
=300  \\$aonline resource (587 seconds)
=490  0\$aMedicine
=500  \\$aTitle from resource description page
=520  \\$aThis article describes a rat model of electrically-induced ventricular fibrillation and resuscitation by chest compression, ventilation, and delivery of electrical shocks that simulates an episode of sudden cardiac arrest and conventional cardiopulmonary resuscitation. The model enables gathering insights on the pathophysiology of cardiac arrest and exploration of new resuscitation strategies.
=521  \\$aFor undergraduate, graduate, and professional students
=546  \\$aEnglish
=650  \0$aMedicine
=856  40$uhttps://www.jove.com/video/52413
=945  \\$aThe Whole World

