=LDR  00976ngm a2200000i 4500
=001  JoVEBiology52649
=008  161201s2016\\\\xx\\\\\g\\\\\\s\\\\\eng\d
=035  \\$a(OCoLC)733445860
=040  \\$aVaAlASP$cVaAlASP
=100  1\$aAfzal,Muhammad
=245  12$aA Fast and Reliable Pipeline for Bacterial Transcriptome Analysis Case study: Serine-dependent Gene Regulation in Streptococcus pneumoniae$h[electronic resource]
=260  \\$aCambridge, MA$bMyJoVE Corp$c2016
=300  \\$aonline resource (618 seconds)
=490  0\$aBiology
=500  \\$aTitle from resource description page
=520  \\$aThis manuscript describes the use of state-of-the-art technology provided by DNA-microarrays. Microarrays provide an overview of the transcriptomic changes in bacteria incurred under a specific condition. Moreover, we highlight the ease by which large amounts of data can be analyzed by using convenient in-house developed software packages. 
=521  \\$aFor undergraduate, graduate, and professional students
=546  \\$aEnglish
=650  \0$aBiology
=856  40$uhttps://www.jove.com/video/52649
=945  \\$aThe Whole World

