=LDR  00796ngm a2200000i 4500
=001  JoVEMedicine52318
=008  161201s2016\\\\xx\\\\\g\\\\\\s\\\\\eng\d
=035  \\$a(OCoLC)733445860
=040  \\$aVaAlASP$cVaAlASP
=100  1\$aMcDonough,Ashley
=245  12$aCalibrated Forceps Model of Spinal Cord Compression Injury$h[electronic resource]
=260  \\$aCambridge, MA$bMyJoVE Corp$c2016
=300  \\$aonline resource (581 seconds)
=490  0\$aMedicine
=500  \\$aTitle from resource description page
=520  \\$aSpinal cord injury models should be highly reproducible. We demonstrate that the calibrated forceps compression model of spinal cord injury is an easy to use surgical method for generating reproducible injuries to the murine spinal cord.
=521  \\$aFor undergraduate, graduate, and professional students
=546  \\$aEnglish
=650  \0$aMedicine
=856  40$uhttps://www.jove.com/video/52318
=945  \\$aThe Whole World

