=LDR  00796ngm a2200000i 4500
=001  JoVEMedicine51480
=008  161201s2016\\\\xx\\\\\g\\\\\\s\\\\\eng\d
=035  \\$a(OCoLC)733445860
=040  \\$aVaAlASP$cVaAlASP
=100  1\$aBagati,Archis
=245  12$aA Modified In vitro Invasion Assay to Determine the Potential Role of Hormones, Cytokines and/or Growth Factors in Mediating Cancer Cell Invasion$h[electronic resource]
=260  \\$aCambridge, MA$bMyJoVE Corp$c2016
=300  \\$aonline resource (396 seconds)
=490  0\$aMedicine
=500  \\$aTitle from resource description page
=520  \\$aThis video article describes a modified in vitro method to examine the role of hormones, cytokines and/or growth factors in driving cancer cell invasion.
=521  \\$aFor undergraduate, graduate, and professional students
=546  \\$aEnglish
=650  \0$aMedicine
=856  40$uhttps://www.jove.com/video/51480
=945  \\$aThe Whole World

