=LDR  00852ngm a2200000i 4500
=001  JoVEBiology52531
=008  161201s2016\\\\xx\\\\\g\\\\\\s\\\\\eng\d
=035  \\$a(OCoLC)733445860
=040  \\$aVaAlASP$cVaAlASP
=100  1\$aVan Lidth de Jeude,Jooske F.
=245  12$aA Protocol for Lentiviral Transduction and Downstream Analysis of Intestinal Organoids$h[electronic resource]
=260  \\$aCambridge, MA$bMyJoVE Corp$c2016
=300  \\$aonline resource (658 seconds)
=490  0\$aBiology
=500  \\$aTitle from resource description page
=520  \\$aIn this video protocol we give a step by step explanation of lentiviral transduction in organoids of primary intestinal epithelium and of processing and downstream analysis of these cultures by quantitative RT-PCR, RNA-microarray and immunohistochemistry. 
=521  \\$aFor undergraduate, graduate, and professional students
=546  \\$aEnglish
=650  \0$aBiology
=856  40$uhttps://www.jove.com/video/52531
=945  \\$aThe Whole World

