=LDR  00806ngm a2200000i 4500
=001  JoVEBiology52509
=008  161201s2016\\\\xx\\\\\g\\\\\\s\\\\\eng\d
=035  \\$a(OCoLC)733445860
=040  \\$aVaAlASP$cVaAlASP
=100  1\$aWhite,Carl
=245  12$aDetermining Membrane Protein Topology Using Fluorescence Protease Protection (FPP)$h[electronic resource]
=260  \\$aCambridge, MA$bMyJoVE Corp$c2016
=300  \\$aonline resource (494 seconds)
=490  0\$aBiology
=500  \\$aTitle from resource description page
=520  \\$aHere, we present a protocol to determine the orientation and topology of integral membrane proteins in living cells. This simple protocol relies on selective protease sensitivity of chimeras between the protein of interest and GFP. 
=521  \\$aFor undergraduate, graduate, and professional students
=546  \\$aEnglish
=650  \0$aBiology
=856  40$uhttps://www.jove.com/video/52509
=945  \\$aThe Whole World

