=LDR  00993ngm a2200000i 4500
=001  JoVEBiology52369
=008  161201s2016\\\\xx\\\\\g\\\\\\s\\\\\eng\d
=035  \\$a(OCoLC)733445860
=040  \\$aVaAlASP$cVaAlASP
=100  1\$aBasilio,Daniel
=245  12$aA Proteoliposome-Based Efflux Assay to Determine Single-molecule Properties of Cl- Channels and Transporters$h[electronic resource]
=260  \\$aCambridge, MA$bMyJoVE Corp$c2016
=300  \\$aonline resource (467 seconds)
=490  0\$aBiology
=500  \\$aTitle from resource description page
=520  \\$aProteoliposomes are used to study purified channels and transporters reconstituted in a well-defined biochemical environment. An experimental procedure to measure efflux mediated by these proteins is illustrated. The steps to prepare proteoliposomes, perform the recordings, and analyze data to quantitatively determine the functional properties of the reconstituted protein are described.
=521  \\$aFor undergraduate, graduate, and professional students
=546  \\$aEnglish
=650  \0$aBiology
=856  40$uhttps://www.jove.com/video/52369
=945  \\$aThe Whole World

