=LDR  00906ngm a2200000i 4500
=001  JoVEMedicine52451
=008  161201s2016\\\\xx\\\\\g\\\\\\s\\\\\eng\d
=035  \\$a(OCoLC)733445860
=040  \\$aVaAlASP$cVaAlASP
=100  1\$aVacca,Ophélie
=245  12$aUsing Adeno-associated Virus as a Tool to Study Retinal Barriers in Disease$h[electronic resource]
=260  \\$aCambridge, MA$bMyJoVE Corp$c2016
=300  \\$aonline resource (614 seconds)
=490  0\$aMedicine
=500  \\$aTitle from resource description page
=520  \\$aTo investigate the blood-retinal barrier permeability and the inner limiting membrane integrity in animal models of retinal disease, we used several adeno-associated virus (AAV) variants as tools to label retinal neurons and glia. Virus mediated reporter gene expression is then used as an indicator of retinal barrier permeability.
=521  \\$aFor undergraduate, graduate, and professional students
=546  \\$aEnglish
=650  \0$aMedicine
=856  40$uhttps://www.jove.com/video/52451
=945  \\$aThe Whole World

