=LDR  00917ngm a2200000i 4500
=001  JoVEMedicine52534
=008  161201s2016\\\\xx\\\\\g\\\\\\s\\\\\eng\d
=035  \\$a(OCoLC)733445860
=040  \\$aVaAlASP$cVaAlASP
=100  1\$aKarkampouna,Sofia
=245  12$aHuman Dupuytren's Ex Vivo Culture for the Study of Myofibroblasts and Extracellular Matrix Interactions$h[electronic resource]
=260  \\$aCambridge, MA$bMyJoVE Corp$c2016
=300  \\$aonline resource (539 seconds)
=490  0\$aMedicine
=500  \\$aTitle from resource description page
=520  \\$aDupuytren's disease (DD) is a fibroproliferative disease of the palm of the hand. Here, we present a protocol to culture resection specimens from DD in a three-dimensional (3D) culture system. Such short-term culture system allows preservation of the 3D structure and molecular properties of the fibrotic tissue.
=521  \\$aFor undergraduate, graduate, and professional students
=546  \\$aEnglish
=650  \0$aMedicine
=856  40$uhttps://www.jove.com/video/52534
=945  \\$aThe Whole World

