=LDR  00876ngm a2200000i 4500
=001  JoVEBiology52586
=008  161201s2016\\\\xx\\\\\g\\\\\\s\\\\\eng\d
=035  \\$a(OCoLC)733445860
=040  \\$aVaAlASP$cVaAlASP
=100  1\$aWong,Wilson
=245  12$aProbe-based Real-time PCR Approaches for Quantitative Measurement of microRNAs$h[electronic resource]
=260  \\$aCambridge, MA$bMyJoVE Corp$c2016
=300  \\$aonline resource (628 seconds)
=490  0\$aBiology
=500  \\$aTitle from resource description page
=520  \\$aCirculating microRNAs have recently emerged as promising and novel biomarkers for various cancers and other diseases. The goal of this article is to discuss three different probe-based real-time PCR platforms and methods that are available to quantify and determine the abundance of circulating microRNAs.
=521  \\$aFor undergraduate, graduate, and professional students
=546  \\$aEnglish
=650  \0$aBiology
=856  40$uhttps://www.jove.com/video/52586
=945  \\$aThe Whole World

