=LDR  00951ngm a2200000i 4500
=001  JoVEBiology52452
=008  161201s2016\\\\xx\\\\\g\\\\\\s\\\\\eng\d
=035  \\$a(OCoLC)733445860
=040  \\$aVaAlASP$cVaAlASP
=100  1\$aSmurthwaite,Cameron A.
=245  12$aGenetic Barcoding with Fluorescent Proteins for Multiplexed Applications$h[electronic resource]
=260  \\$aCambridge, MA$bMyJoVE Corp$c2016
=300  \\$aonline resource (794 seconds)
=490  0\$aBiology
=500  \\$aTitle from resource description page
=520  \\$aSince the discovery of the green fluorescent protein gene, fluorescent proteins have impacted molecular cell biology. This protocol describes how expression of distinct fluorescent proteins through genetic engineering is used for barcoding individual cells. The procedure enables tracking distinct populations in a cell mixture, which is ideal for multiplexed applications.  
=521  \\$aFor undergraduate, graduate, and professional students
=546  \\$aEnglish
=650  \0$aBiology
=856  40$uhttps://www.jove.com/video/52452
=945  \\$aThe Whole World

