=LDR  00953ngm a2200000i 4500
=001  JoVEMedicine52657
=008  161201s2016\\\\xx\\\\\g\\\\\\s\\\\\eng\d
=035  \\$a(OCoLC)733445860
=040  \\$aVaAlASP$cVaAlASP
=100  1\$aPachynski,Russell  K.
=245  12$aEvaluation of Tumor-infiltrating Leukocyte Subsets in a Subcutaneous Tumor Model$h[electronic resource]
=260  \\$aCambridge, MA$bMyJoVE Corp$c2016
=300  \\$aonline resource (469 seconds)
=490  0\$aMedicine
=500  \\$aTitle from resource description page
=520  \\$aThis protocol describes a method for the detailed evaluation of leukocyte subsets within the tumor microenvironment in a mouse tumor model. Chemerin-expressing B16 melanoma cells were implanted subcutaneously into syngeneic mice. Cells from the tumor microenvironment were then stained and analyzed by flow cytometry, allowing for detailed leukocyte subset analyses. 
=521  \\$aFor undergraduate, graduate, and professional students
=546  \\$aEnglish
=650  \0$aMedicine
=856  40$uhttps://www.jove.com/video/52657
=945  \\$aThe Whole World

