=LDR  00869ngm a2200000i 4500
=001  JoVEMedicine52599
=008  161201s2016\\\\xx\\\\\g\\\\\\s\\\\\eng\d
=035  \\$a(OCoLC)733445860
=040  \\$aVaAlASP$cVaAlASP
=100  1\$aShingu,Takashi
=245  12$aUtilizing Murine Inducible Telomerase Alleles in the Studies of Tissue Degeneration/Regeneration and Cancer$h[electronic resource]
=260  \\$aCambridge, MA$bMyJoVE Corp$c2016
=300  \\$aonline resource (514 seconds)
=490  0\$aMedicine
=500  \\$aTitle from resource description page
=520  \\$aTelomere and telomerase play essential roles in ageing and tumorigenesis. The goal of this protocol is to show how to generate two murine inducible telomerase knock-in alleles and how to utilize them in the studies of tissue degeneration/regeneration and cancer. 
=521  \\$aFor undergraduate, graduate, and professional students
=546  \\$aEnglish
=650  \0$aMedicine
=856  40$uhttps://www.jove.com/video/52599
=945  \\$aThe Whole World

