=LDR  00982ngm a2200000i 4500
=001  JoVEMedicine52598
=008  161201s2016\\\\xx\\\\\g\\\\\\s\\\\\eng\d
=035  \\$a(OCoLC)733445860
=040  \\$aVaAlASP$cVaAlASP
=100  1\$aChang,Wei-Ting
=245  12$aUltrasound Based Assessment of Coronary Artery Flow and Coronary Flow Reserve Using the Pressure Overload Model in Mice$h[electronic resource]
=260  \\$aCambridge, MA$bMyJoVE Corp$c2016
=300  \\$aonline resource (399 seconds)
=490  0\$aMedicine
=500  \\$aTitle from resource description page
=520  \\$aCoronary flow reserve (CFR) is useful for assessment of myocardial oxygen demand and evaluation of cardiovascular risk. This study establishes a step-by-step transthoracic Doppler echocardiographic (TTDE) method for longitudinal monitoring of the changes in CFR, as measured from coronary artery in mice, under the experimental pressure overload of aortic banding.
=521  \\$aFor undergraduate, graduate, and professional students
=546  \\$aEnglish
=650  \0$aMedicine
=856  40$uhttps://www.jove.com/video/52598
=945  \\$aThe Whole World

