=LDR  00882ngm a2200000i 4500
=001  JoVEBiology52510
=008  161201s2016\\\\xx\\\\\g\\\\\\s\\\\\eng\d
=035  \\$a(OCoLC)733445860
=040  \\$aVaAlASP$cVaAlASP
=100  1\$aChabrat,Audrey
=245  12$aRNA Isolation from Cell Specific Subpopulations Using Laser-capture Microdissection Combined with Rapid Immunolabeling$h[electronic resource]
=260  \\$aCambridge, MA$bMyJoVE Corp$c2016
=300  \\$aonline resource (421 seconds)
=490  0\$aBiology
=500  \\$aTitle from resource description page
=520  \\$aGene expression analysis of a subset of cells in a specific tissue represents a major challenge. This article describes how to isolate high-quality total RNA from a specific cell population by combining a rapid immunolabeling method with laser capture microdissection.
=521  \\$aFor undergraduate, graduate, and professional students
=546  \\$aEnglish
=650  \0$aBiology
=856  40$uhttps://www.jove.com/video/52510
=945  \\$aThe Whole World

