=LDR  00922ngm a2200000i 4500
=001  JoVEBiology52633
=008  161201s2016\\\\xx\\\\\g\\\\\\s\\\\\eng\d
=035  \\$a(OCoLC)733445860
=040  \\$aVaAlASP$cVaAlASP
=100  1\$aSchrader,Jared M.
=245  12$aSynchronization of Caulobacter Crescentus for Investigation of the Bacterial Cell Cycle$h[electronic resource]
=260  \\$aCambridge, MA$bMyJoVE Corp$c2016
=300  \\$aonline resource (482 seconds)
=490  0\$aBiology
=500  \\$aTitle from resource description page
=520  \\$aSynchronization of bacterial cells is essential for studies of the bacterial cell cycle and development.  Caulobacter crescentus is synchronizable through density centrifugation allowing a rapid and powerful tool for studies of the bacterial cell cycle.  Here we provide a detailed protocol for the synchronization of Caulobacter cells.
=521  \\$aFor undergraduate, graduate, and professional students
=546  \\$aEnglish
=650  \0$aBiology
=856  40$uhttps://www.jove.com/video/52633
=945  \\$aThe Whole World

