=LDR  00967ngm a2200000i 4500
=001  JoVEMedicine52590
=008  161201s2016\\\\xx\\\\\g\\\\\\s\\\\\eng\d
=035  \\$a(OCoLC)733445860
=040  \\$aVaAlASP$cVaAlASP
=100  1\$aBrown,Armand O.
=245  12$aVisualization of Streptococcus pneumoniae within Cardiac Microlesions and Subsequent Cardiac Remodeling$h[electronic resource]
=260  \\$aCambridge, MA$bMyJoVE Corp$c2016
=300  \\$aonline resource (505 seconds)
=490  0\$aMedicine
=500  \\$aTitle from resource description page
=520  \\$aStreptococcus pneumoniae forms discrete non-purulent microscopic lesions in the heart. Outlined is the protocol for a murine model of cardiac microlesion formation. Instruction is provided on microlesion visualization using microscopy, discrimination between early and late microlesions, and methods to detect cardiac remodeling in hearts of convalescent animals. 
=521  \\$aFor undergraduate, graduate, and professional students
=546  \\$aEnglish
=650  \0$aMedicine
=856  40$uhttps://www.jove.com/video/52590
=945  \\$aThe Whole World

