=LDR  00944ngm a2200000i 4500
=001  JoVEBiology52338
=008  161201s2016\\\\xx\\\\\g\\\\\\s\\\\\eng\d
=035  \\$a(OCoLC)733445860
=040  \\$aVaAlASP$cVaAlASP
=100  1\$aMorales-Soto,Nydia
=245  12$aPreparation, Imaging, and Quantification of Bacterial Surface Motility Assays$h[electronic resource]
=260  \\$aCambridge, MA$bMyJoVE Corp$c2016
=300  \\$aonline resource (455 seconds)
=490  0\$aBiology
=500  \\$aTitle from resource description page
=520  \\$aSwarming motility is influenced by physical and environmental factors. We describe a two-phase protocol and guidelines to circumvent the challenges commonly associated with swarm assay preparation and data collection. A macroscopic imaging technique is employed to obtain detailed information on swarm behavior that is not provided by current analysis techniques.    
=521  \\$aFor undergraduate, graduate, and professional students
=546  \\$aEnglish
=650  \0$aBiology
=856  40$uhttps://www.jove.com/video/52338
=945  \\$aThe Whole World

