=LDR  00710ngm a2200000i 4500
=001  JoVEMedicine52541
=008  161201s2016\\\\xx\\\\\g\\\\\\s\\\\\eng\d
=035  \\$a(OCoLC)733445860
=040  \\$aVaAlASP$cVaAlASP
=100  1\$aRada,Cara C.
=245  12$aIntrauterine Telemetry to Measure Mouse Contractile Pressure In Vivo$h[electronic resource]
=260  \\$aCambridge, MA$bMyJoVE Corp$c2016
=300  \\$aonline resource (423 seconds)
=490  0\$aMedicine
=500  \\$aTitle from resource description page
=520  \\$aThis manuscript provides a protocol for implanting telemeters in the mouse for the purpose of measuring intrauterine pressures during pregnancy. 
=521  \\$aFor undergraduate, graduate, and professional students
=546  \\$aEnglish
=650  \0$aMedicine
=856  40$uhttps://www.jove.com/video/52541
=945  \\$aThe Whole World

