=LDR  00879ngm a2200000i 4500
=001  JoVEBiology52345
=008  161201s2016\\\\xx\\\\\g\\\\\\s\\\\\eng\d
=035  \\$a(OCoLC)733445860
=040  \\$aVaAlASP$cVaAlASP
=100  1\$aDilworth,David
=245  12$aRapid Identification of Chemical Genetic Interactions in Saccharomyces cerevisiae$h[electronic resource]
=260  \\$aCambridge, MA$bMyJoVE Corp$c2016
=300  \\$aonline resource (733 seconds)
=490  0\$aBiology
=500  \\$aTitle from resource description page
=520  \\$aHere we present a cost-effective method for defining chemical-genetic interactions in budding yeast. The approach is built on fundamental techniques in yeast molecular biology and is well suited for the mechanistic interrogation of small to medium collections of chemicals and other media environments.
=521  \\$aFor undergraduate, graduate, and professional students
=546  \\$aEnglish
=650  \0$aBiology
=856  40$uhttps://www.jove.com/video/52345
=945  \\$aThe Whole World

