=LDR  00834ngm a2200000i 4500
=001  JoVEMedicine52637
=008  161201s2016\\\\xx\\\\\g\\\\\\s\\\\\eng\d
=035  \\$a(OCoLC)733445860
=040  \\$aVaAlASP$cVaAlASP
=100  1\$aTrujillo,Andrea N.
=245  12$aDemonstration of the Rat Ischemic Skin Wound Model$h[electronic resource]
=260  \\$aCambridge, MA$bMyJoVE Corp$c2016
=300  \\$aonline resource (515 seconds)
=490  0\$aMedicine
=500  \\$aTitle from resource description page
=520  \\$aThe rat, due to its size, availability, and rather docile behavior, has been utilized as a research model for many years. The goal of this protocol is to utilize the rat as an ischemic skin wound healing model to provide valuable insight into the pathophysiology of chronic wounds.
=521  \\$aFor undergraduate, graduate, and professional students
=546  \\$aEnglish
=650  \0$aMedicine
=856  40$uhttps://www.jove.com/video/52637
=945  \\$aThe Whole World

