=LDR  00922ngm a2200000i 4500
=001  JoVEMedicine52553
=008  161201s2016\\\\xx\\\\\g\\\\\\s\\\\\eng\d
=035  \\$a(OCoLC)733445860
=040  \\$aVaAlASP$cVaAlASP
=100  1\$aPeake,Kyle
=245  12$aBusulfan as a Myelosuppressive Agent for Generating Stable High-level Bone Marrow Chimerism in Mice$h[electronic resource]
=260  \\$aCambridge, MA$bMyJoVE Corp$c2016
=300  \\$aonline resource (685 seconds)
=490  0\$aMedicine
=500  \\$aTitle from resource description page
=520  \\$aWe describe a protocol whereby busulfan conditioning permits the bone marrow of a recipient mouse to be replaced with bone marrow cells from donor mice ubiquitously expressing green fluorescent protein, in the absence of irradiation. This technique is useful to study bone marrow cell accumulation in the central nervous system.
=521  \\$aFor undergraduate, graduate, and professional students
=546  \\$aEnglish
=650  \0$aMedicine
=856  40$uhttps://www.jove.com/video/52553
=945  \\$aThe Whole World

