=LDR  00843ngm a2200000i 4500
=001  JoVEMedicine52019
=008  161201s2016\\\\xx\\\\\g\\\\\\s\\\\\eng\d
=035  \\$a(OCoLC)733445860
=040  \\$aVaAlASP$cVaAlASP
=100  1\$aFan,Natalie K.
=245  12$aExperimental and Imaging Techniques for Examining Fibrin Clot Structures in Normal and Diseased States$h[electronic resource]
=260  \\$aCambridge, MA$bMyJoVE Corp$c2016
=300  \\$aonline resource (429 seconds)
=490  0\$aMedicine
=500  \\$aTitle from resource description page
=520  \\$aIn this manuscript, experimental techniques, including blood preparation, confocal microscopy, and lysis rate analysis, to examine the morphological differences between normal and abnormal clot structures due to diseased states are presented.
=521  \\$aFor undergraduate, graduate, and professional students
=546  \\$aEnglish
=650  \0$aMedicine
=856  40$uhttps://www.jove.com/video/52019
=945  \\$aThe Whole World

