=LDR  00948ngm a2200000i 4500
=001  JoVEBiology52620
=008  161201s2016\\\\xx\\\\\g\\\\\\s\\\\\eng\d
=035  \\$a(OCoLC)733445860
=040  \\$aVaAlASP$cVaAlASP
=100  1\$aCrannell,Zachary A.
=245  12$aDevelopment of a Quantitative Recombinase Polymerase Amplification Assay with an Internal Positive Control$h[electronic resource]
=260  \\$aCambridge, MA$bMyJoVE Corp$c2016
=300  \\$aonline resource (517 seconds)
=490  0\$aBiology
=500  \\$aTitle from resource description page
=520  \\$aProvided is a protocol for developing a real-time recombinase polymerase amplification assay to quantify initial concentration of DNA samples using either a thermal cycler or a microscope and stage heater. Also described is the development of an internal positive control. Scripts are provided for processing raw real-time fluorescence data.
=521  \\$aFor undergraduate, graduate, and professional students
=546  \\$aEnglish
=650  \0$aBiology
=856  40$uhttps://www.jove.com/video/52620
=945  \\$aThe Whole World

