=LDR  00959ngm a2200000i 4500
=001  JoVEMedicine52574
=008  161201s2016\\\\xx\\\\\g\\\\\\s\\\\\eng\d
=035  \\$a(OCoLC)733445860
=040  \\$aVaAlASP$cVaAlASP
=100  1\$aWagstaff,Peter G.
=245  12$aIn Vivo, Percutaneous, Needle Based, Optical Coherence Tomography of Renal Masses$h[electronic resource]
=260  \\$aCambridge, MA$bMyJoVE Corp$c2016
=300  \\$aonline resource (571 seconds)
=490  0\$aMedicine
=500  \\$aTitle from resource description page
=520  \\$aOptical coherence tomography (OCT) is a high resolution imaging technique that allows analysis of tissue specific optical properties providing the means for tissue differentiation. We developed needle based OCT, providing real-time imaging combined with on-the-spot tumor differentiation. This publication describes a method for percutaneous, needle based OCT of renal masses.
=521  \\$aFor undergraduate, graduate, and professional students
=546  \\$aEnglish
=650  \0$aMedicine
=856  40$uhttps://www.jove.com/video/52574
=945  \\$aThe Whole World

