=LDR  00973ngm a2200000i 4500
=001  JoVEBiology52453
=008  161201s2016\\\\xx\\\\\g\\\\\\s\\\\\eng\d
=035  \\$a(OCoLC)733445860
=040  \\$aVaAlASP$cVaAlASP
=100  1\$aMilosavljevic,Nina
=245  12$aFunctional Characterization of Na+/H+ Exchangers of Intracellular Compartments Using Proton-killing Selection to Express Them at the Plasma Membrane$h[electronic resource]
=260  \\$aCambridge, MA$bMyJoVE Corp$c2016
=300  \\$aonline resource (458 seconds)
=490  0\$aBiology
=500  \\$aTitle from resource description page
=520  \\$aThe first part of this article shows how to select mutant cell lines expressing vesicular Na+/H+ exchangers at their plasma membrane. The second part provides protocols based on intracellular pH measurements and fast ion uptake, which are used to determine the ion selectivity and the kinetic parameters of these exchangers. 
=521  \\$aFor undergraduate, graduate, and professional students
=546  \\$aEnglish
=650  \0$aBiology
=856  40$uhttps://www.jove.com/video/52453
=945  \\$aThe Whole World

