=LDR  00872ngm a2200000i 4500
=001  JoVEBiology51404
=008  161201s2016\\\\xx\\\\\g\\\\\\s\\\\\eng\d
=035  \\$a(OCoLC)733445860
=040  \\$aVaAlASP$cVaAlASP
=100  1\$aLaventie,Benoît-Joseph
=245  12$aCapture Compound Mass Spectrometry - A Powerful Tool to Identify Novel c-di-GMP Effector Proteins$h[electronic resource]
=260  \\$aCambridge, MA$bMyJoVE Corp$c2016
=300  \\$aonline resource (731 seconds)
=490  0\$aBiology
=500  \\$aTitle from resource description page
=520  \\$aThe ubiquitous second messenger c-di-GMP controls growth and behavior of many bacteria. We have developed a novel Capture Compound Mass Spectrometry based technology to biochemically identify and characterize c-di-GMP binding proteins in virtually any bacterial species.
=521  \\$aFor undergraduate, graduate, and professional students
=546  \\$aEnglish
=650  \0$aBiology
=856  40$uhttps://www.jove.com/video/51404
=945  \\$aThe Whole World

