=LDR  00851ngm a2200000i 4500
=001  JoVEBiology52814
=008  161201s2016\\\\xx\\\\\g\\\\\\s\\\\\eng\d
=035  \\$a(OCoLC)733445860
=040  \\$aVaAlASP$cVaAlASP
=100  1\$aGaj,Thomas
=245  12$aDirect Protein Delivery to Mammalian Cells Using Cell-permeable Cys2-His2 Zinc-finger Domains$h[electronic resource]
=260  \\$aCambridge, MA$bMyJoVE Corp$c2016
=300  \\$aonline resource (684 seconds)
=490  0\$aBiology
=500  \\$aTitle from resource description page
=520  \\$aZinc-finger domains are intrinsically cell-permeable and capable of mediating protein delivery into a broad range of mammalian cell types. Here, a detailed step-by-step protocol for implementing zinc-finger technology for intracellular protein delivery is presented.
=521  \\$aFor undergraduate, graduate, and professional students
=546  \\$aEnglish
=650  \0$aBiology
=856  40$uhttps://www.jove.com/video/52814
=945  \\$aThe Whole World

