=LDR  00925ngm a2200000i 4500
=001  JoVEBiology52542
=008  161201s2016\\\\xx\\\\\g\\\\\\s\\\\\eng\d
=035  \\$a(OCoLC)733445860
=040  \\$aVaAlASP$cVaAlASP
=100  1\$aYan,Jiajie
=245  12$aVoltage and Calcium Dual Channel Optical Mapping of Cultured HL-1 Atrial Myocyte Monolayer$h[electronic resource]
=260  \\$aCambridge, MA$bMyJoVE Corp$c2016
=300  \\$aonline resource (505 seconds)
=490  0\$aBiology
=500  \\$aTitle from resource description page
=520  \\$aThis article describes the technique used to perform dual channel optical mapping in cultured HL-1 atrial cell monolayers. This unique protocol allows the simultaneous visualization of both calcium (Ca) and voltage (Vm) activity in the same area for the detailed detection and analysis of electrophysiological properties of culture monolayers.
=521  \\$aFor undergraduate, graduate, and professional students
=546  \\$aEnglish
=650  \0$aBiology
=856  40$uhttps://www.jove.com/video/52542
=945  \\$aThe Whole World

