=LDR  00940ngm a2200000i 4500
=001  JoVEBiology52076
=008  161201s2016\\\\xx\\\\\g\\\\\\s\\\\\eng\d
=035  \\$a(OCoLC)733445860
=040  \\$aVaAlASP$cVaAlASP
=100  1\$aLampl,Thomas
=245  12$aIsolation and Functional Analysis of Mitochondria from Cultured Cells and Mouse Tissue$h[electronic resource]
=260  \\$aCambridge, MA$bMyJoVE Corp$c2016
=300  \\$aonline resource (567 seconds)
=490  0\$aBiology
=500  \\$aTitle from resource description page
=520  \\$aComparison of mitochondrial membrane potential between samples yields valuable information about cellular status. Detailed steps for isolating mitochondria and assessing response to inhibitors and uncouplers using fluorescence are described. The method and utility of this protocol are illustrated by use of a cell culture and animal model of cellular stress. 
=521  \\$aFor undergraduate, graduate, and professional students
=546  \\$aEnglish
=650  \0$aBiology
=856  40$uhttps://www.jove.com/video/52076
=945  \\$aThe Whole World

