=LDR  00881ngm a2200000i 4500
=001  JoVEMedicine52270
=008  161201s2016\\\\xx\\\\\g\\\\\\s\\\\\eng\d
=035  \\$a(OCoLC)733445860
=040  \\$aVaAlASP$cVaAlASP
=100  1\$aJanuschowski,Kai
=245  12$aGlutamate and Hypoxia as a Stress Model for the Isolated Perfused Vertebrate Retina$h[electronic resource]
=260  \\$aCambridge, MA$bMyJoVE Corp$c2016
=300  \\$aonline resource (468 seconds)
=490  0\$aMedicine
=500  \\$aTitle from resource description page
=520  \\$aWith this study, we introduce a standardized stress model for the isolated superfused bovine retina for future preclinical therapeutic testing. The effect of either hypoxia (pure N2) or glutamate stress (250 µM glutamate) on retinal function represented by a- and b-wave amplitudes was evaluated.
=521  \\$aFor undergraduate, graduate, and professional students
=546  \\$aEnglish
=650  \0$aMedicine
=856  40$uhttps://www.jove.com/video/52270
=945  \\$aThe Whole World

