=LDR  00952ngm a2200000i 4500
=001  JoVEMedicine52671
=008  161201s2016\\\\xx\\\\\g\\\\\\s\\\\\eng\d
=035  \\$a(OCoLC)733445860
=040  \\$aVaAlASP$cVaAlASP
=100  1\$aLombardo,Ylenia
=245  12$aMammosphere Formation Assay from Human Breast Cancer Tissues and Cell Lines$h[electronic resource]
=260  \\$aCambridge, MA$bMyJoVE Corp$c2016
=300  \\$aonline resource (651 seconds)
=490  0\$aMedicine
=500  \\$aTitle from resource description page
=520  \\$aFloating mammosphere assays can investigate the subset of stem-like breast cancer cells that survive in suspension conditions and show enhanced tumorigenesis when implanted into mice.  This protocol provides a convenient in vitro measure of sphere-forming ability, a proxy for in vivo tumorigenesis, while facilitating analysis of the stem-associated transcriptional landscape.
=521  \\$aFor undergraduate, graduate, and professional students
=546  \\$aEnglish
=650  \0$aMedicine
=856  40$uhttps://www.jove.com/video/52671
=945  \\$aThe Whole World

