=LDR  00986ngm a2200000i 4500
=001  JoVEBiology52221
=008  161201s2016\\\\xx\\\\\g\\\\\\s\\\\\eng\d
=035  \\$a(OCoLC)733445860
=040  \\$aVaAlASP$cVaAlASP
=100  1\$aGiacci,Marcus K.
=245  12$aMethod for the Assessment of Effects of a Range of Wavelengths and Intensities of Red/near-infrared Light Therapy on Oxidative Stress In Vitro$h[electronic resource]
=260  \\$aCambridge, MA$bMyJoVE Corp$c2016
=300  \\$aonline resource (496 seconds)
=490  0\$aBiology
=500  \\$aTitle from resource description page
=520  \\$aNon-coherent Xenon light was passed through narrow-band interference and neutral density filters to deliver light of varying wavelength and intensity to cultured cells. This protocol was used to assess the effects of red/near-infrared light therapy on production of reactive species in vitro: no effects were observed using the tested parameters.
=521  \\$aFor undergraduate, graduate, and professional students
=546  \\$aEnglish
=650  \0$aBiology
=856  40$uhttps://www.jove.com/video/52221
=945  \\$aThe Whole World

