=LDR  00876ngm a2200000i 4500
=001  JoVEBiology52484
=008  161201s2016\\\\xx\\\\\g\\\\\\s\\\\\eng\d
=035  \\$a(OCoLC)733445860
=040  \\$aVaAlASP$cVaAlASP
=100  1\$aInglis,Heather
=245  12$aTechniques for the Analysis of Extracellular Vesicles Using Flow Cytometry$h[electronic resource]
=260  \\$aCambridge, MA$bMyJoVE Corp$c2016
=300  \\$aonline resource (579 seconds)
=490  0\$aBiology
=500  \\$aTitle from resource description page
=520  \\$aMany different methods exist for the measurement of extracellular vesicles (EVs) using flow cytometry (FCM). Several aspects should be considered when determining the most appropriate method to use. Two protocols for measuring EVs are presented, using either individual detection or a bead-based approach. 
=521  \\$aFor undergraduate, graduate, and professional students
=546  \\$aEnglish
=650  \0$aBiology
=856  40$uhttps://www.jove.com/video/52484
=945  \\$aThe Whole World

