=LDR  00865ngm a2200000i 4500
=001  JoVEBiology52448
=008  161201s2016\\\\xx\\\\\g\\\\\\s\\\\\eng\d
=035  \\$a(OCoLC)733445860
=040  \\$aVaAlASP$cVaAlASP
=100  1\$aDegrandi-Hoffman,Gloria
=245  12$aMethods for Comparing Nutrients in Beebread Made by Africanized and European Honey Bees and the Effects on Hemolymph Protein Titers$h[electronic resource]
=260  \\$aCambridge, MA$bMyJoVE Corp$c2016
=300  \\$aonline resource (522 seconds)
=490  0\$aBiology
=500  \\$aTitle from resource description page
=520  \\$aHere are methods to quantify nutrients in pollen before and after its conversion to beebread by two subspecies of honeybees. We describe techniques to measure beebread consumption and resulting protein titers in both subspecies. 
=521  \\$aFor undergraduate, graduate, and professional students
=546  \\$aEnglish
=650  \0$aBiology
=856  40$uhttps://www.jove.com/video/52448
=945  \\$aThe Whole World

