=LDR  00761ngm a2200000i 4500
=001  JoVEMedicine52656
=008  161201s2016\\\\xx\\\\\g\\\\\\s\\\\\eng\d
=035  \\$a(OCoLC)733445860
=040  \\$aVaAlASP$cVaAlASP
=100  1\$aTempleton,Zachary S.
=245  12$aMethods for Culturing Human Femur Tissue Explants to Study Breast Cancer Cell Colonization of the Metastatic Niche$h[electronic resource]
=260  \\$aCambridge, MA$bMyJoVE Corp$c2016
=300  \\$aonline resource (701 seconds)
=490  0\$aMedicine
=500  \\$aTitle from resource description page
=520  \\$aProtocols are described for studying breast cancer cell migration, proliferation and colonization in a human bone tissue explant model system.
=521  \\$aFor undergraduate, graduate, and professional students
=546  \\$aEnglish
=650  \0$aMedicine
=856  40$uhttps://www.jove.com/video/52656
=945  \\$aThe Whole World

