=LDR  00825ngm a2200000i 4500
=001  JoVEBiology52265
=008  161201s2016\\\\xx\\\\\g\\\\\\s\\\\\eng\d
=035  \\$a(OCoLC)733445860
=040  \\$aVaAlASP$cVaAlASP
=100  1\$aZhang,Lucy
=245  12$aNear Infrared (NIr) Light Increases Expression of a Marker of Mitochondrial Function in the Mouse Vestibular Sensory Epithelium$h[electronic resource]
=260  \\$aCambridge, MA$bMyJoVE Corp$c2016
=300  \\$aonline resource (416 seconds)
=490  0\$aBiology
=500  \\$aTitle from resource description page
=520  \\$aMitochondrial dysfunction is a hallmark of cellular senescence. This paper uses non-invasive near-infrared (NIr) treatment to improve mitochondrial function in the aging mouse vestibular sensory epithelium.
=521  \\$aFor undergraduate, graduate, and professional students
=546  \\$aEnglish
=650  \0$aBiology
=856  40$uhttps://www.jove.com/video/52265
=945  \\$aThe Whole World

