=LDR  00918ngm a2200000i 4500
=001  JoVEBiology52619
=008  161201s2016\\\\xx\\\\\g\\\\\\s\\\\\eng\d
=035  \\$a(OCoLC)733445860
=040  \\$aVaAlASP$cVaAlASP
=100  1\$aGrüner,Nico
=245  12$aDried Blood Spots - Preparing and Processing for Use in Immunoassays and in Molecular Techniques$h[electronic resource]
=260  \\$aCambridge, MA$bMyJoVE Corp$c2016
=300  \\$aonline resource (688 seconds)
=490  0\$aBiology
=500  \\$aTitle from resource description page
=520  \\$aThe preparing and processing of dried blood spots (DBS) for their final analysis are still poorly standardized for most diagnostic applications. To overcome this shortcoming, a comprehensive step-by-step protocol is suggested and subsequently evaluated with regard to its effectiveness for detecting markers of viral infections.
=521  \\$aFor undergraduate, graduate, and professional students
=546  \\$aEnglish
=650  \0$aBiology
=856  40$uhttps://www.jove.com/video/52619
=945  \\$aThe Whole World

