=LDR  00822ngm a2200000i 4500
=001  JoVEMedicine52561
=008  161201s2016\\\\xx\\\\\g\\\\\\s\\\\\eng\d
=035  \\$a(OCoLC)733445860
=040  \\$aVaAlASP$cVaAlASP
=100  1\$aTakayama,Toshio
=245  12$aA Murine Model of Arterial Restenosis: Technical Aspects of Femoral Wire Injury$h[electronic resource]
=260  \\$aCambridge, MA$bMyJoVE Corp$c2016
=300  \\$aonline resource (402 seconds)
=490  0\$aMedicine
=500  \\$aTitle from resource description page
=520  \\$aThe mouse femoral artery wire injury model of restenosis is technically challenging. In this protocol we show the key technical details essential for successfully performing wire injury to induce consistent neointima for studies of restenosis.
=521  \\$aFor undergraduate, graduate, and professional students
=546  \\$aEnglish
=650  \0$aMedicine
=856  40$uhttps://www.jove.com/video/52561
=945  \\$aThe Whole World

