=LDR  00878ngm a2200000i 4500
=001  JoVEMedicine52522
=008  161201s2016\\\\xx\\\\\g\\\\\\s\\\\\eng\d
=035  \\$a(OCoLC)733445860
=040  \\$aVaAlASP$cVaAlASP
=100  1\$aJohnson,Christopher J.
=245  12$aAssessing Transmissible Spongiform Encephalopathy Species Barriers with an In Vitro Prion Protein Conversion Assay$h[electronic resource]
=260  \\$aCambridge, MA$bMyJoVE Corp$c2016
=300  \\$aonline resource (701 seconds)
=490  0\$aMedicine
=500  \\$aTitle from resource description page
=520  \\$aMeasuring the barrier to the interspecies transmission of prion diseases is challenging and typically involves animal challenges or biochemical assays. Here, we present an in vitro prion protein conversion assay with the ability to predict species barriers.
=521  \\$aFor undergraduate, graduate, and professional students
=546  \\$aEnglish
=650  \0$aMedicine
=856  40$uhttps://www.jove.com/video/52522
=945  \\$aThe Whole World

