=LDR  00962ngm a2200000i 4500
=001  JoVEBiology52612
=008  161201s2016\\\\xx\\\\\g\\\\\\s\\\\\eng\d
=035  \\$a(OCoLC)733445860
=040  \\$aVaAlASP$cVaAlASP
=100  1\$aFarash,Katherine
=245  12$aEnhanced Genetic Analysis of Single Human Bioparticles Recovered by Simplified Micromanipulation from Forensic 'Touch DNA' Evidence$h[electronic resource]
=260  \\$aCambridge, MA$bMyJoVE Corp$c2016
=300  \\$aonline resource (709 seconds)
=490  0\$aBiology
=500  \\$aTitle from resource description page
=520  \\$aHere we describe an optimized and efficient removal strategy for the collection of bio-particles present in 'touch DNA' samples, together with an enhanced amplification protocol involving a one-step 5 µl micro-volume lysis/STR amplification, to permit the recovery of short tandem repeat (STR) profiles of the bio-particle donor(s).
=521  \\$aFor undergraduate, graduate, and professional students
=546  \\$aEnglish
=650  \0$aBiology
=856  40$uhttps://www.jove.com/video/52612
=945  \\$aThe Whole World

