=LDR  00956ngm a2200000i 4500
=001  JoVEBiology52427
=008  161201s2016\\\\xx\\\\\g\\\\\\s\\\\\eng\d
=035  \\$a(OCoLC)733445860
=040  \\$aVaAlASP$cVaAlASP
=100  1\$aEckford,Paul D. W.
=245  12$aFunctional Reconstitution and Channel Activity Measurements of Purified Wildtype and Mutant CFTR Protein$h[electronic resource]
=260  \\$aCambridge, MA$bMyJoVE Corp$c2016
=300  \\$aonline resource (599 seconds)
=490  0\$aBiology
=500  \\$aTitle from resource description page
=520  \\$aDescribed here is a rapid and effective procedure for functional reconstitution of purified wild-type and mutant CFTR protein that preserves activity for this chloride channel, which is defective in Cystic Fibrosis. Iodide efflux from reconstituted proteoliposomes mediated by CFTR allows studies of channel activity and the effects of small molecules.
=521  \\$aFor undergraduate, graduate, and professional students
=546  \\$aEnglish
=650  \0$aBiology
=856  40$uhttps://www.jove.com/video/52427
=945  \\$aThe Whole World

