=LDR  00896ngm a2200000i 4500
=001  JoVEBiology52185
=008  161201s2016\\\\xx\\\\\g\\\\\\s\\\\\eng\d
=035  \\$a(OCoLC)733445860
=040  \\$aVaAlASP$cVaAlASP
=100  1\$aPonnapakkam,Tulasi
=245  12$aA New Technique for Quantitative Analysis of Hair Loss in Mice Using Grayscale Analysis$h[electronic resource]
=260  \\$aCambridge, MA$bMyJoVE Corp$c2016
=300  \\$aonline resource (401 seconds)
=490  0\$aBiology
=500  \\$aTitle from resource description page
=520  \\$aAlopecia is a common form of hair loss which can occur in many different conditions, including as a side-effect of chemotherapy.  We have developed a method to quantify hair loss in mice, utilizing a standard gel imager to perform a grayscale analysis, to facilitate study of promising new alopecia therapies.
=521  \\$aFor undergraduate, graduate, and professional students
=546  \\$aEnglish
=650  \0$aBiology
=856  40$uhttps://www.jove.com/video/52185
=945  \\$aThe Whole World

