=LDR  00906ngm a2200000i 4500
=001  JoVEMedicine52483
=008  161201s2016\\\\xx\\\\\g\\\\\\s\\\\\eng\d
=035  \\$a(OCoLC)733445860
=040  \\$aVaAlASP$cVaAlASP
=100  1\$aMahe,Maxime M.
=245  12$aEstablishment of Human Epithelial Enteroids and Colonoids from Whole Tissue and Biopsy$h[electronic resource]
=260  \\$aCambridge, MA$bMyJoVE Corp$c2016
=300  \\$aonline resource (393 seconds)
=490  0\$aMedicine
=500  \\$aTitle from resource description page
=520  \\$aWe describe a method to establish human enteroids from small intestinal crypts and colonoids from colon crypts collected from both surgical tissue and biopsies. In this methodological article, we present the culture modalities that are essential for the successful growth and maintenance of human enteroids and colonoids.
=521  \\$aFor undergraduate, graduate, and professional students
=546  \\$aEnglish
=650  \0$aMedicine
=856  40$uhttps://www.jove.com/video/52483
=945  \\$aThe Whole World

