=LDR  00779ngm a2200000i 4500
=001  JoVEBiology52568
=008  161201s2016\\\\xx\\\\\g\\\\\\s\\\\\eng\d
=035  \\$a(OCoLC)733445860
=040  \\$aVaAlASP$cVaAlASP
=100  1\$aSidarovich,Viktoryia
=245  12$aHigh-throughput Screening for Chemical Modulators of Post-transcriptionally Regulated Genes$h[electronic resource]
=260  \\$aCambridge, MA$bMyJoVE Corp$c2016
=300  \\$aonline resource (584 seconds)
=490  0\$aBiology
=500  \\$aTitle from resource description page
=520  \\$aHere we describe a cell-based reporter gene assay as a valuable tool to screen chemical libraries for compounds modulating post-transcriptional control mechanisms exerted through 3' UTR.
=521  \\$aFor undergraduate, graduate, and professional students
=546  \\$aEnglish
=650  \0$aBiology
=856  40$uhttps://www.jove.com/video/52568
=945  \\$aThe Whole World

