=LDR  00791ngm a2200000i 4500
=001  JoVEBiology52516
=008  161201s2016\\\\xx\\\\\g\\\\\\s\\\\\eng\d
=035  \\$a(OCoLC)733445860
=040  \\$aVaAlASP$cVaAlASP
=100  1\$aLock,Jeffrey T.
=245  12$aImaging Local Ca2+ Signals in Cultured Mammalian Cells$h[electronic resource]
=260  \\$aCambridge, MA$bMyJoVE Corp$c2016
=300  \\$aonline resource (570 seconds)
=490  0\$aBiology
=500  \\$aTitle from resource description page
=520  \\$aHere we present techniques for imaging local IP3-mediated Ca2+ events using fluorescence microscopy in intact mammalian cells loaded with Ca2+ indicators together with an algorithm that automates identification and analysis of these events.
=521  \\$aFor undergraduate, graduate, and professional students
=546  \\$aEnglish
=650  \0$aBiology
=856  40$uhttps://www.jove.com/video/52516
=945  \\$aThe Whole World

