=LDR  00900ngm a2200000i 4500
=001  JoVEBiology52255
=008  161201s2016\\\\xx\\\\\g\\\\\\s\\\\\eng\d
=035  \\$a(OCoLC)733445860
=040  \\$aVaAlASP$cVaAlASP
=100  1\$aRochette,Samuel
=245  12$aGenome-wide Protein-protein Interaction Screening by Protein-fragment Complementation Assay (PCA) in Living Cells$h[electronic resource]
=260  \\$aCambridge, MA$bMyJoVE Corp$c2016
=300  \\$aonline resource (518 seconds)
=490  0\$aBiology
=500  \\$aTitle from resource description page
=520  \\$aProteins interact with each other and these interactions determine in a large part their functions. Protein interaction partners can be identified at high-throughput in vivo using a yeast fitness assay based on the dihydrofolate reductase protein-fragment complementation assay (DHFR-PCA). 
=521  \\$aFor undergraduate, graduate, and professional students
=546  \\$aEnglish
=650  \0$aBiology
=856  40$uhttps://www.jove.com/video/52255
=945  \\$aThe Whole World

