=LDR  00956ngm a2200000i 4500
=001  JoVEMedicine52386
=008  161201s2016\\\\xx\\\\\g\\\\\\s\\\\\eng\d
=035  \\$a(OCoLC)733445860
=040  \\$aVaAlASP$cVaAlASP
=100  1\$aThiele,Jan
=245  12$aSingle-stage Dynamic Reanimation of the Smile in Irreversible Facial Paralysis by Free Functional Muscle Transfer$h[electronic resource]
=260  \\$aCambridge, MA$bMyJoVE Corp$c2016
=300  \\$aonline resource (1193 seconds)
=490  0\$aMedicine
=500  \\$aTitle from resource description page
=520  \\$aThe use of the masseteric nerve as donor nerve represents a single-stage alternative to the criterion standard two-stage procedure of cross-facial nerve grafting and free muscle transfer in facial paralysis. We provide a detailed description to safely perform this technique with a gracilis muscle transfer and discuss indications and limitations.
=521  \\$aFor undergraduate, graduate, and professional students
=546  \\$aEnglish
=650  \0$aMedicine
=856  40$uhttps://www.jove.com/video/52386
=945  \\$aThe Whole World

