=LDR  00951ngm a2200000i 4500
=001  JoVEBiology52545
=008  161201s2016\\\\xx\\\\\g\\\\\\s\\\\\eng\d
=035  \\$a(OCoLC)733445860
=040  \\$aVaAlASP$cVaAlASP
=100  1\$aMartin,Jennifer A.
=245  12$aA Method for Selecting Structure-switching Aptamers Applied to a Colorimetric Gold Nanoparticle Assay$h[electronic resource]
=260  \\$aCambridge, MA$bMyJoVE Corp$c2016
=300  \\$aonline resource (751 seconds)
=490  0\$aBiology
=500  \\$aTitle from resource description page
=520  \\$aA protocol is provided to select structure-switching aptamers for small molecule targets based on a tunable stringency magnetic bead selection method. Aptamers selected with structure-switching properties are beneficial for assays that require a conformational change to signal the presence of a target, such as the described gold nanoparticle assay.
=521  \\$aFor undergraduate, graduate, and professional students
=546  \\$aEnglish
=650  \0$aBiology
=856  40$uhttps://www.jove.com/video/52545
=945  \\$aThe Whole World

