=LDR  00912ngm a2200000i 4500
=001  JoVEBiology52385
=008  161201s2016\\\\xx\\\\\g\\\\\\s\\\\\eng\d
=035  \\$a(OCoLC)733445860
=040  \\$aVaAlASP$cVaAlASP
=100  1\$aLee,Yoosook
=245  12$aA Multi-detection Assay for Malaria Transmitting Mosquitoes$h[electronic resource]
=260  \\$aCambridge, MA$bMyJoVE Corp$c2016
=300  \\$aonline resource (540 seconds)
=490  0\$aBiology
=500  \\$aTitle from resource description page
=520  \\$aMalaria transmitting mosquitoes have a number of epidemiologically important characteristics that can only be detected using molecular techniques. Utilizing a MALDI-TOF based SNP genotyping platform, we developed an assay for simultaneously detecting multiple key traits (species, insecticide resistance, parasite infection and host choice) of malaria vectors.
=521  \\$aFor undergraduate, graduate, and professional students
=546  \\$aEnglish
=650  \0$aBiology
=856  40$uhttps://www.jove.com/video/52385
=945  \\$aThe Whole World

