=LDR  00908ngm a2200000i 4500
=001  JoVEMedicine52309
=008  161201s2016\\\\xx\\\\\g\\\\\\s\\\\\eng\d
=035  \\$a(OCoLC)733445860
=040  \\$aVaAlASP$cVaAlASP
=100  1\$aNelson,Kevin
=245  12$aMethod of Isolated Ex Vivo Lung Perfusion in a Rat Model: Lessons Learned from Developing a Rat EVLP Program$h[electronic resource]
=260  \\$aCambridge, MA$bMyJoVE Corp$c2016
=300  \\$aonline resource (539 seconds)
=490  0\$aMedicine
=500  \\$aTitle from resource description page
=520  \\$aEx-Vivo Lung Perfusion (EVLP) has allowed lung transplantation in humans to become more readily available by enabling the ability to assess organs and expand the donor pool. Here, we describe the development of a rat EVLP program and refinements that allow for a reproducible model for future expansion.
=521  \\$aFor undergraduate, graduate, and professional students
=546  \\$aEnglish
=650  \0$aMedicine
=856  40$uhttps://www.jove.com/video/52309
=945  \\$aThe Whole World

