=LDR  00887ngm a2200000i 4500
=001  JoVEBiology52488
=008  161201s2016\\\\xx\\\\\g\\\\\\s\\\\\eng\d
=035  \\$a(OCoLC)733445860
=040  \\$aVaAlASP$cVaAlASP
=100  1\$aMasser,Dustin R.
=245  12$aTargeted DNA Methylation Analysis by Next-generation Sequencing$h[electronic resource]
=260  \\$aCambridge, MA$bMyJoVE Corp$c2016
=300  \\$aonline resource (518 seconds)
=490  0\$aBiology
=500  \\$aTitle from resource description page
=520  \\$aBisulfite amplicon sequencing (BSAS) is a method for quantifying cytosine methylation in targeted genomic regions of interest. This method uses bisulfite conversion paired with PCR amplification of target regions prior to next-generation sequencing to produce absolute quantitation of DNA methylation at a base-specific level.
=521  \\$aFor undergraduate, graduate, and professional students
=546  \\$aEnglish
=650  \0$aBiology
=856  40$uhttps://www.jove.com/video/52488
=945  \\$aThe Whole World

