=LDR  00955ngm a2200000i 4500
=001  JoVEBiology52246
=008  161201s2016\\\\xx\\\\\g\\\\\\s\\\\\eng\d
=035  \\$a(OCoLC)733445860
=040  \\$aVaAlASP$cVaAlASP
=100  1\$aGarrett-Bakelman,Francine E.
=245  12$aEnhanced Reduced Representation Bisulfite Sequencing for Assessment of DNA Methylation at Base Pair Resolution$h[electronic resource]
=260  \\$aCambridge, MA$bMyJoVE Corp$c2016
=300  \\$aonline resource (827 seconds)
=490  0\$aBiology
=500  \\$aTitle from resource description page
=520  \\$aEnhanced Reduced Representation Bisulfite Sequencing is a method for the preparation of sequencing libraries for DNA methylation analysis based on restriction enzyme digestion combined with cytosine bisulfite conversion. This protocol requires 50 ng of starting material and yields base pair resolution data at GC-rich genomic regions.
=521  \\$aFor undergraduate, graduate, and professional students
=546  \\$aEnglish
=650  \0$aBiology
=856  40$uhttps://www.jove.com/video/52246
=945  \\$aThe Whole World

