=LDR  00819ngm a2200000i 4500
=001  JoVEMedicine52382
=008  161201s2016\\\\xx\\\\\g\\\\\\s\\\\\eng\d
=035  \\$a(OCoLC)733445860
=040  \\$aVaAlASP$cVaAlASP
=100  1\$aOlmstead,Deborah N.
=245  12$aFacial Nerve Axotomy in Mice: A Model to Study Motoneuron Response to Injury$h[electronic resource]
=260  \\$aCambridge, MA$bMyJoVE Corp$c2016
=300  \\$aonline resource (611 seconds)
=490  0\$aMedicine
=500  \\$aTitle from resource description page
=520  \\$aWe present a surgical protocol detailing how to perform a cut or crush axotomy on the facial nerve in the mouse. The facial nerve axotomy can be employed to study the physiological response to nerve injury and test therapeutic techniques. 
=521  \\$aFor undergraduate, graduate, and professional students
=546  \\$aEnglish
=650  \0$aMedicine
=856  40$uhttps://www.jove.com/video/52382
=945  \\$aThe Whole World

