=LDR  00970ngm a2200000i 4500
=001  JoVEMedicine52105
=008  161201s2016\\\\xx\\\\\g\\\\\\s\\\\\eng\d
=035  \\$a(OCoLC)733445860
=040  \\$aVaAlASP$cVaAlASP
=100  1\$aZweckberger,Klaus
=245  12$aSynergetic Use of Neural Precursor Cells and Self-assembling Peptides in Experimental Cervical Spinal Cord Injury$h[electronic resource]
=260  \\$aCambridge, MA$bMyJoVE Corp$c2016
=300  \\$aonline resource (717 seconds)
=490  0\$aMedicine
=500  \\$aTitle from resource description page
=520  \\$aTreating cervical spinal cord injury with both self-assembling peptides (SAP) and neural precursor cells (NPC), together with growth factors, is a promising approach to promote regeneration and recovery. A contusion/compression aneurysm clip rat model of cervical SCI and combined treatment involving SAP injection and NPC transplantation is established. 
=521  \\$aFor undergraduate, graduate, and professional students
=546  \\$aEnglish
=650  \0$aMedicine
=856  40$uhttps://www.jove.com/video/52105
=945  \\$aThe Whole World

