=LDR  00977ngm a2200000i 4500
=001  JoVEMedicine52443
=008  161201s2016\\\\xx\\\\\g\\\\\\s\\\\\eng\d
=035  \\$a(OCoLC)733445860
=040  \\$aVaAlASP$cVaAlASP
=100  1\$aCalinescu,Anda-Alexandra
=245  12$aTransposon Mediated Integration of Plasmid DNA into the Subventricular Zone of Neonatal Mice to Generate Novel Models of Glioblastoma$h[electronic resource]
=260  \\$aCambridge, MA$bMyJoVE Corp$c2016
=300  \\$aonline resource (658 seconds)
=490  0\$aMedicine
=500  \\$aTitle from resource description page
=520  \\$aHere we describe an efficient and versatile protocol to induce, monitor and analyze novel glioblastomas (GBM) using transposon DNA injected into the ventricles of neonatal mice. Cells of the subventricular zone, which take up the plasmid, transform, proliferate and generate tumors with histo-pathological characteristics of human GBM.
=521  \\$aFor undergraduate, graduate, and professional students
=546  \\$aEnglish
=650  \0$aMedicine
=856  40$uhttps://www.jove.com/video/52443
=945  \\$aThe Whole World

