=LDR  00894ngm a2200000i 4500
=001  JoVEMedicine52495
=008  161201s2016\\\\xx\\\\\g\\\\\\s\\\\\eng\d
=035  \\$a(OCoLC)733445860
=040  \\$aVaAlASP$cVaAlASP
=100  1\$aTopol,Aaron
=245  12$aA Guide to Generating and Using hiPSC Derived NPCs for the Study of Neurological Diseases$h[electronic resource]
=260  \\$aCambridge, MA$bMyJoVE Corp$c2016
=300  \\$aonline resource (570 seconds)
=490  0\$aMedicine
=500  \\$aTitle from resource description page
=520  \\$aThis protocol describes how neural progenitor cells can be differentiated from human induced pluripotent stem cells, in order to yield a robust and replicative neural cell population, which may be used to identify the developmental pathways contributing to disease pathogenesis in many neurological disorders.
=521  \\$aFor undergraduate, graduate, and professional students
=546  \\$aEnglish
=650  \0$aMedicine
=856  40$uhttps://www.jove.com/video/52495
=945  \\$aThe Whole World

