=LDR  00784ngm a2200000i 4500
=001  JoVEBiology51718
=008  161201s2016\\\\xx\\\\\g\\\\\\s\\\\\eng\d
=035  \\$a(OCoLC)733445860
=040  \\$aVaAlASP$cVaAlASP
=100  1\$aAhn,Joo Wook
=245  12$aArray Comparative Genomic Hybridization (Array CGH) for Detection of Genomic Copy Number Variants$h[electronic resource]
=260  \\$aCambridge, MA$bMyJoVE Corp$c2016
=300  \\$aonline resource (556 seconds)
=490  0\$aBiology
=500  \\$aTitle from resource description page
=520  \\$aArray CGH for the detection of genomic copy number variants has replaced G-banded karyotype analysis. This paper describes the technology and its application in a diagnostic service laboratory.
=521  \\$aFor undergraduate, graduate, and professional students
=546  \\$aEnglish
=650  \0$aBiology
=856  40$uhttps://www.jove.com/video/51718
=945  \\$aThe Whole World

