=LDR  00873ngm a2200000i 4500
=001  JoVEBiology52540
=008  161201s2016\\\\xx\\\\\g\\\\\\s\\\\\eng\d
=035  \\$a(OCoLC)733445860
=040  \\$aVaAlASP$cVaAlASP
=100  1\$aChristou-Savina,Sonia
=245  12$aEvaluation of Zebrafish Kidney Function Using a Fluorescent Clearance Assay$h[electronic resource]
=260  \\$aCambridge, MA$bMyJoVE Corp$c2016
=300  \\$aonline resource (493 seconds)
=490  0\$aBiology
=500  \\$aTitle from resource description page
=520  \\$aThe zebrafish is a popular tool to model chronic kidney disease (CKD). However, their small size makes it impossible to evaluate renal function using traditional methods. We describe a fluorescent dye kidney clearance assay1 that allows quantitative analysis of zebrafish kidney function in CKD.
=521  \\$aFor undergraduate, graduate, and professional students
=546  \\$aEnglish
=650  \0$aBiology
=856  40$uhttps://www.jove.com/video/52540
=945  \\$aThe Whole World

