=LDR  00881ngm a2200000i 4500
=001  JoVEMedicine52538
=008  161201s2016\\\\xx\\\\\g\\\\\\s\\\\\eng\d
=035  \\$a(OCoLC)733445860
=040  \\$aVaAlASP$cVaAlASP
=100  1\$aBhaskaran,Natarajan
=245  12$aTh17 Inflammation Model of Oropharyngeal Candidiasis in Immunodeficient Mice$h[electronic resource]
=260  \\$aCambridge, MA$bMyJoVE Corp$c2016
=300  \\$aonline resource (482 seconds)
=490  0\$aMedicine
=500  \\$aTitle from resource description page
=520  \\$aAlthough Candida infection models are available to study host immune resistance, a model to study T cell mediated immunopathology in the context of Candida infection is absent. Here we describe a method to establish Th17 immunopathology associated with oral Candida infection in immunodeficient mice. 
=521  \\$aFor undergraduate, graduate, and professional students
=546  \\$aEnglish
=650  \0$aMedicine
=856  40$uhttps://www.jove.com/video/52538
=945  \\$aThe Whole World

