=LDR  00812ngm a2200000i 4500
=001  JoVEMedicine52446
=008  161201s2016\\\\xx\\\\\g\\\\\\s\\\\\eng\d
=035  \\$a(OCoLC)733445860
=040  \\$aVaAlASP$cVaAlASP
=100  1\$aHouse,Carrie D.
=245  12$aIn vitro Enrichment of Ovarian Cancer Tumor-initiating Cells$h[electronic resource]
=260  \\$aCambridge, MA$bMyJoVE Corp$c2016
=300  \\$aonline resource (697 seconds)
=490  0\$aMedicine
=500  \\$aTitle from resource description page
=520  \\$aTumor-initiating cells (TICs) may represent a viable therapeutic target for the treatment of ovarian cancer, a highly recurrent and fatal disease. We present a protocol for culture conditions that enrich for this highly tumorigenic population of cells.
=521  \\$aFor undergraduate, graduate, and professional students
=546  \\$aEnglish
=650  \0$aMedicine
=856  40$uhttps://www.jove.com/video/52446
=945  \\$aThe Whole World

