=LDR  00987ngm a2200000i 4500
=001  JoVEMedicine52415
=008  161201s2016\\\\xx\\\\\g\\\\\\s\\\\\eng\d
=035  \\$a(OCoLC)733445860
=040  \\$aVaAlASP$cVaAlASP
=100  1\$aGifford,Aliya
=245  12$aHuman Brown Adipose Tissue Depots Automatically Segmented by Positron Emission Tomography/Computed Tomography and Registered Magnetic Resonance Images$h[electronic resource]
=260  \\$aCambridge, MA$bMyJoVE Corp$c2016
=300  \\$aonline resource (561 seconds)
=490  0\$aMedicine
=500  \\$aTitle from resource description page
=520  \\$aThe method presented here uses 18F-Fluorodeoxyglucose (18F-FDG) positron emission tomography/computed tomography (PET-CT) and fat-water separated magnetic resonance imaging (MRI), each scanned following 2 hr exposure to thermoneutral (24 °C) and cold conditions (17 °C) in order to map brown adipose tissue (BAT) in adult human subjects.
=521  \\$aFor undergraduate, graduate, and professional students
=546  \\$aEnglish
=650  \0$aMedicine
=856  40$uhttps://www.jove.com/video/52415
=945  \\$aThe Whole World

