=LDR  00821ngm a2200000i 4500
=001  JoVEBiology51964
=008  161201s2016\\\\xx\\\\\g\\\\\\s\\\\\eng\d
=035  \\$a(OCoLC)733445860
=040  \\$aVaAlASP$cVaAlASP
=100  1\$aTang,Ho Lam
=245  12$aStrategies for Tracking Anastasis, A Cell Survival Phenomenon that Reverses Apoptosis$h[electronic resource]
=260  \\$aCambridge, MA$bMyJoVE Corp$c2016
=300  \\$aonline resource (775 seconds)
=490  0\$aBiology
=500  \\$aTitle from resource description page
=520  \\$aThe term anastasis refers to the phenomenon in which dying cells reverse a cell suicide process at a late stage, repair themselves, and ultimately survive. Here we demonstrate protocols for detecting and tracking cells that undergo anastasis. 
=521  \\$aFor undergraduate, graduate, and professional students
=546  \\$aEnglish
=650  \0$aBiology
=856  40$uhttps://www.jove.com/video/51964
=945  \\$aThe Whole World

