=LDR  00797ngm a2200000i 4500
=001  JoVEMedicine52348
=008  161201s2016\\\\xx\\\\\g\\\\\\s\\\\\eng\d
=035  \\$a(OCoLC)733445860
=040  \\$aVaAlASP$cVaAlASP
=100  1\$aNayagam,David A.X.
=245  12$aTechniques for Processing Eyes Implanted with a Retinal Prosthesis for Localized Histopathological Analysis: Part 2 Epiretinal Implants with Retinal Tacks$h[electronic resource]
=260  \\$aCambridge, MA$bMyJoVE Corp$c2016
=300  \\$aonline resource (600 seconds)
=490  0\$aMedicine
=500  \\$aTitle from resource description page
=520  \\$aHere we describe histological techniques for visualising ocular tissue directly adjacent to a metal epiretinal tack and retinal prosthesis. 
=521  \\$aFor undergraduate, graduate, and professional students
=546  \\$aEnglish
=650  \0$aMedicine
=856  40$uhttps://www.jove.com/video/52348
=945  \\$aThe Whole World

