=LDR  00914ngm a2200000i 4500
=001  JoVEMedicine52438
=008  161201s2016\\\\xx\\\\\g\\\\\\s\\\\\eng\d
=035  \\$a(OCoLC)733445860
=040  \\$aVaAlASP$cVaAlASP
=100  1\$aTag,Carmen G.
=245  12$aBile Duct Ligation in Mice: Induction of Inflammatory Liver Injury and Fibrosis by Obstructive Cholestasis$h[electronic resource]
=260  \\$aCambridge, MA$bMyJoVE Corp$c2016
=300  \\$aonline resource (536 seconds)
=490  0\$aMedicine
=500  \\$aTitle from resource description page
=520  \\$aDisruption of bile flow results in severe inflammatory cholestatic liver injury with a characteristic time-dependent sequence of morphological alterations. Here we present a protocol for the surgical ligation of the common bile duct in mice that allows to induce a strong fibrotic response after 21 to 28 days.
=521  \\$aFor undergraduate, graduate, and professional students
=546  \\$aEnglish
=650  \0$aMedicine
=856  40$uhttps://www.jove.com/video/52438
=945  \\$aThe Whole World

