=LDR  00840ngm a2200000i 4500
=001  JoVEMedicine52403
=008  161201s2016\\\\xx\\\\\g\\\\\\s\\\\\eng\d
=035  \\$a(OCoLC)733445860
=040  \\$aVaAlASP$cVaAlASP
=100  1\$aLe,Victoria
=245  12$aMurine Model of Femoral Artery Wire Injury with Implantation of a Perivascular Drug Delivery Patch$h[electronic resource]
=260  \\$aCambridge, MA$bMyJoVE Corp$c2016
=300  \\$aonline resource (425 seconds)
=490  0\$aMedicine
=500  \\$aTitle from resource description page
=520  \\$aWe describe a surgical technique that produces wire injury in the femoral artery of mice to induce neointimal hyperplasia to serve as a model testing system for the perivascular delivery of therapeutic compounds for the inhibition of restenosis. 
=521  \\$aFor undergraduate, graduate, and professional students
=546  \\$aEnglish
=650  \0$aMedicine
=856  40$uhttps://www.jove.com/video/52403
=945  \\$aThe Whole World

