=LDR  00968ngm a2200000i 4500
=001  JoVEMedicine51717
=008  161201s2016\\\\xx\\\\\g\\\\\\s\\\\\eng\d
=035  \\$a(OCoLC)733445860
=040  \\$aVaAlASP$cVaAlASP
=100  1\$aWarner,Martin B.
=245  12$aMeasurement of Dynamic Scapular Kinematics Using an Acromion Marker Cluster to Minimize Skin Movement Artifact$h[electronic resource]
=260  \\$aCambridge, MA$bMyJoVE Corp$c2016
=300  \\$aonline resource (607 seconds)
=490  0\$aMedicine
=500  \\$aTitle from resource description page
=520  \\$aThis report presents details of how to adopt the acromion marker cluster method of obtaining scapular kinematics when using a passive marker motion capture device. As has been described in the literature, this method provides a robust, non-invasive, three-dimensional, dynamic and valid measurement of scapular kinematics, minimizing skin movement artifact.
=521  \\$aFor undergraduate, graduate, and professional students
=546  \\$aEnglish
=650  \0$aMedicine
=856  40$uhttps://www.jove.com/video/51717
=945  \\$aThe Whole World

