=LDR  00942ngm a2200000i 4500
=001  JoVEBiology52208
=008  161201s2016\\\\xx\\\\\g\\\\\\s\\\\\eng\d
=035  \\$a(OCoLC)733445860
=040  \\$aVaAlASP$cVaAlASP
=100  1\$aAigrain,Louise
=245  12$aInternalization and Observation of Fluorescent Biomolecules in Living Microorganisms via Electroporation$h[electronic resource]
=260  \\$aCambridge, MA$bMyJoVE Corp$c2016
=300  \\$aonline resource (927 seconds)
=490  0\$aBiology
=500  \\$aTitle from resource description page
=520  \\$aStudies of biomolecules in vivo are crucial for understanding molecular function in a biological context. Here we describe a novel method allowing the internalization of fluorescent biomolecules, such as DNA or proteins, into living microorganisms. Analysis of in vivo data recorded by fluorescence microscopy is also presented and discussed.
=521  \\$aFor undergraduate, graduate, and professional students
=546  \\$aEnglish
=650  \0$aBiology
=856  40$uhttps://www.jove.com/video/52208
=945  \\$aThe Whole World

