=LDR  00900ngm a2200000i 4500
=001  JoVEMedicine51967
=008  161201s2016\\\\xx\\\\\g\\\\\\s\\\\\eng\d
=035  \\$a(OCoLC)733445860
=040  \\$aVaAlASP$cVaAlASP
=100  1\$aKocatürk,Begüm
=245  12$aOrthotopic Injection of Breast Cancer Cells into the Mammary Fat Pad of Mice to Study Tumor Growth.$h[electronic resource]
=260  \\$aCambridge, MA$bMyJoVE Corp$c2016
=300  \\$aonline resource (472 seconds)
=490  0\$aMedicine
=500  \\$aTitle from resource description page
=520  \\$aCancer is a complex disease that is influenced by the tissue surrounding the tumor as well as local pro- and anti-inflammatory mediators. Therefore, orthotropic injection models, rather than subcutaneous models may be useful to study cancer progression in a manner that better mimics human pathology.
=521  \\$aFor undergraduate, graduate, and professional students
=546  \\$aEnglish
=650  \0$aMedicine
=856  40$uhttps://www.jove.com/video/51967
=945  \\$aThe Whole World

