=LDR  00853ngm a2200000i 4500
=001  JoVEMedicine52350
=008  161201s2016\\\\xx\\\\\g\\\\\\s\\\\\eng\d
=035  \\$a(OCoLC)733445860
=040  \\$aVaAlASP$cVaAlASP
=100  1\$aBharadwaj,Manish S.
=245  12$aPreparation and Respirometric Assessment of Mitochondria Isolated from Skeletal Muscle Tissue Obtained by Percutaneous Needle Biopsy$h[electronic resource]
=260  \\$aCambridge, MA$bMyJoVE Corp$c2016
=300  \\$aonline resource (687 seconds)
=490  0\$aMedicine
=500  \\$aTitle from resource description page
=520  \\$aMethods for biopsy of Vastus lateralis, preparation of purified mitochondria, and respirometric profiling are described. The use of small muscle volume makes this technique suitable for clinical research applications.
=521  \\$aFor undergraduate, graduate, and professional students
=546  \\$aEnglish
=650  \0$aMedicine
=856  40$uhttps://www.jove.com/video/52350
=945  \\$aThe Whole World

