=LDR  00812ngm a2200000i 4500
=001  JoVEMedicine52339
=008  161201s2016\\\\xx\\\\\g\\\\\\s\\\\\eng\d
=035  \\$a(OCoLC)733445860
=040  \\$aVaAlASP$cVaAlASP
=100  1\$aSandoo,Aamer
=245  12$aA Methodological Approach to Non-invasive Assessments of Vascular Function and Morphology$h[electronic resource]
=260  \\$aCambridge, MA$bMyJoVE Corp$c2016
=300  \\$aonline resource (573 seconds)
=490  0\$aMedicine
=500  \\$aTitle from resource description page
=520  \\$aThe present article describes the methodological considerations for several non-invasive assessments of vascular function and morphology that are commonly used in medical research to assess different stages of atherosclerosis.
=521  \\$aFor undergraduate, graduate, and professional students
=546  \\$aEnglish
=650  \0$aMedicine
=856  40$uhttps://www.jove.com/video/52339
=945  \\$aThe Whole World

