=LDR  00859ngm a2200000i 4500
=001  JoVEMedicine52388
=008  161201s2016\\\\xx\\\\\g\\\\\\s\\\\\eng\d
=035  \\$a(OCoLC)733445860
=040  \\$aVaAlASP$cVaAlASP
=100  1\$aRytelewski,Mateusz
=245  12$aEvaluating the Effectiveness of Cancer Drug Sensitization In Vitro and In Vivo$h[electronic resource]
=260  \\$aCambridge, MA$bMyJoVE Corp$c2016
=300  \\$aonline resource (559 seconds)
=490  0\$aMedicine
=500  \\$aTitle from resource description page
=520  \\$aHere, real-time monitoring of tumor cell metabolism, combined with an in vivo chicken embryo chorio-allantoic membrane (CAM) model of metastasis, are used to evaluate novel anti-cancer targets/agents for their ability to sensitize tumor cells to DNA damaging chemotherapeutics. 
=521  \\$aFor undergraduate, graduate, and professional students
=546  \\$aEnglish
=650  \0$aMedicine
=856  40$uhttps://www.jove.com/video/52388
=945  \\$aThe Whole World

