=LDR  00883ngm a2200000i 4500
=001  JoVEBiology52431
=008  161201s2016\\\\xx\\\\\g\\\\\\s\\\\\eng\d
=035  \\$a(OCoLC)733445860
=040  \\$aVaAlASP$cVaAlASP
=100  1\$aStefan,Alessandra
=245  12$aThe Multifaceted Benefits of Protein Co-expression in Escherichia coli$h[electronic resource]
=260  \\$aCambridge, MA$bMyJoVE Corp$c2016
=300  \\$aonline resource (768 seconds)
=490  0\$aBiology
=500  \\$aTitle from resource description page
=520  \\$aProtein co-expression is a powerful alternative to the reconstitution in vitro of protein complexes, and is of help in performing biochemical and genetic tests in vivo. Here we report on the use of protein co-expression in Escherichia coli to obtain protein complexes, and to tune the mutation frequency of cells. 
=521  \\$aFor undergraduate, graduate, and professional students
=546  \\$aEnglish
=650  \0$aBiology
=856  40$uhttps://www.jove.com/video/52431
=945  \\$aThe Whole World

