=LDR  00878ngm a2200000i 4500
=001  JoVEMedicine52469
=008  161201s2016\\\\xx\\\\\g\\\\\\s\\\\\eng\d
=035  \\$a(OCoLC)733445860
=040  \\$aVaAlASP$cVaAlASP
=100  1\$aHorie,Masafumi
=245  12$aThree-dimensional Co-culture Model for Tumor-stromal Interaction$h[electronic resource]
=260  \\$aCambridge, MA$bMyJoVE Corp$c2016
=300  \\$aonline resource (519 seconds)
=490  0\$aMedicine
=500  \\$aTitle from resource description page
=520  \\$aHere we present a protocol to co-culture in three-dimensions, which is useful for investigating multicellular interactions and extracellular matrix-dependent modulation of cancer cell behavior. In this experimental model, cancer cells are cultured on collagen gels embedded with human cancer-associated fibroblasts.
=521  \\$aFor undergraduate, graduate, and professional students
=546  \\$aEnglish
=650  \0$aMedicine
=856  40$uhttps://www.jove.com/video/52469
=945  \\$aThe Whole World

