=LDR  00895ngm a2200000i 4500
=001  JoVEMedicine52400
=008  161201s2016\\\\xx\\\\\g\\\\\\s\\\\\eng\d
=035  \\$a(OCoLC)733445860
=040  \\$aVaAlASP$cVaAlASP
=100  1\$aBunker,Shannon
=245  12$aExperimental Glaucoma Induced by Ocular Injection of Magnetic Microspheres$h[electronic resource]
=260  \\$aCambridge, MA$bMyJoVE Corp$c2016
=300  \\$aonline resource (395 seconds)
=490  0\$aMedicine
=500  \\$aTitle from resource description page
=520  \\$aWe present a method for inducing elevated intraocular pressure (IOP), by injecting magnetic microspheres into the rat eye, to model glaucoma. This leads to strong pressure rises, and extensive neuronal death. This protocol is easy to perform, does not require repeat injections, and produces stable long-lasting IOP rises.
=521  \\$aFor undergraduate, graduate, and professional students
=546  \\$aEnglish
=650  \0$aMedicine
=856  40$uhttps://www.jove.com/video/52400
=945  \\$aThe Whole World

