=LDR  00835ngm a2200000i 4500
=001  JoVEBiology52577
=008  161201s2016\\\\xx\\\\\g\\\\\\s\\\\\eng\d
=035  \\$a(OCoLC)733445860
=040  \\$aVaAlASP$cVaAlASP
=100  1\$aScheckhuber,Christian Q.
=245  12$aAnalysis of Autophagy in Penicillium chrysogenum by Using Starvation Pads in Combination With Fluorescence Microscopy$h[electronic resource]
=260  \\$aCambridge, MA$bMyJoVE Corp$c2016
=300  \\$aonline resource (411 seconds)
=490  0\$aBiology
=500  \\$aTitle from resource description page
=520  \\$aA convenient and powerful method for studying autophagy in Penicillium chrysogenum by using starvation pads (mixtures of agarose and tap water in a microscope slide containing a central cavity) is presented here.
=521  \\$aFor undergraduate, graduate, and professional students
=546  \\$aEnglish
=650  \0$aBiology
=856  40$uhttps://www.jove.com/video/52577
=945  \\$aThe Whole World

