=LDR  00963ngm a2200000i 4500
=001  JoVEMedicine51881
=008  161201s2016\\\\xx\\\\\g\\\\\\s\\\\\eng\d
=035  \\$a(OCoLC)733445860
=040  \\$aVaAlASP$cVaAlASP
=100  1\$aFeng,Jing
=245  12$aCatheterization of the Carotid Artery and Jugular Vein to Perform Hemodynamic Measures, Infusions and Blood Sampling in a Conscious Rat Model$h[electronic resource]
=260  \\$aCambridge, MA$bMyJoVE Corp$c2016
=300  \\$aonline resource (545 seconds)
=490  0\$aMedicine
=500  \\$aTitle from resource description page
=520  \\$aVascular accesses to measure hemodynamics, provide fluids and perform blood sampling are important to any small animal model study. We present a technique for implanting catheters into the carotid artery and the common jugular vein in an anesthetized rat for connecting to a system to perform monitoring, infusions and sampling.
=521  \\$aFor undergraduate, graduate, and professional students
=546  \\$aEnglish
=650  \0$aMedicine
=856  40$uhttps://www.jove.com/video/51881
=945  \\$aThe Whole World

