=LDR  00906ngm a2200000i 4500
=001  JoVEMedicine52376
=008  161201s2016\\\\xx\\\\\g\\\\\\s\\\\\eng\d
=035  \\$a(OCoLC)733445860
=040  \\$aVaAlASP$cVaAlASP
=100  1\$aLimjunyawong,Nathachit
=245  12$aMeasurement of the Pressure-volume Curve in Mouse Lungs$h[electronic resource]
=260  \\$aCambridge, MA$bMyJoVE Corp$c2016
=300  \\$aonline resource (589 seconds)
=490  0\$aMedicine
=500  \\$aTitle from resource description page
=520  \\$aHere we present a protocol to simply and reliably measure the lung pressure-volume curve in mice, showing that it is sufficiently sensitive to detect phenotypic parenchymal changes in two common lung pathologies, pulmonary fibrosis and emphysema. This metric provides a means to quantify the lung's structural changes with developing pathology.
=521  \\$aFor undergraduate, graduate, and professional students
=546  \\$aEnglish
=650  \0$aMedicine
=856  40$uhttps://www.jove.com/video/52376
=945  \\$aThe Whole World

