=LDR  00967ngm a2200000i 4500
=001  JoVEMedicine52239
=008  161201s2016\\\\xx\\\\\g\\\\\\s\\\\\eng\d
=035  \\$a(OCoLC)733445860
=040  \\$aVaAlASP$cVaAlASP
=100  1\$aKucharíková,Soňa
=245  12$aCandida albicans Biofilm Development on Medically-relevant Foreign Bodies in a Mouse Subcutaneous Model Followed by Bioluminescence Imaging$h[electronic resource]
=260  \\$aCambridge, MA$bMyJoVE Corp$c2016
=300  \\$aonline resource (511 seconds)
=490  0\$aMedicine
=500  \\$aTitle from resource description page
=520  \\$aWe present an experimental procedure of Candida albicans biofilm development in a mouse subcutaneous model. Fungal biofilms were quantified by determining the number of colony forming units and by a non-invasive bioluminescence imaging, where the amount of light that is produced corresponds with the number of viable cells.
=521  \\$aFor undergraduate, graduate, and professional students
=546  \\$aEnglish
=650  \0$aMedicine
=856  40$uhttps://www.jove.com/video/52239
=945  \\$aThe Whole World

