=LDR  00899ngm a2200000i 4500
=001  JoVEMedicine50472
=008  161201s2016\\\\xx\\\\\g\\\\\\s\\\\\eng\d
=035  \\$a(OCoLC)733445860
=040  \\$aVaAlASP$cVaAlASP
=100  1\$aYang,Shun-Tai
=245  12$aAdult Mouse Venous Hypertension Model: Common Carotid Artery to External Jugular Vein Anastomosis.$h[electronic resource]
=260  \\$aCambridge, MA$bMyJoVE Corp$c2016
=300  \\$aonline resource (507 seconds)
=490  0\$aMedicine
=500  \\$aTitle from resource description page
=520  \\$aWe describe a method for creating a reliable model of cerebral venous hypertension in the adult mouse. This model has been widely described and tested in the rat. This new counterpart in the mice opens the possibility of using genetic modified animals and thereby broadens the applications of the model.
=521  \\$aFor undergraduate, graduate, and professional students
=546  \\$aEnglish
=650  \0$aMedicine
=856  40$uhttps://www.jove.com/video/50472
=945  \\$aThe Whole World

