=LDR  00757ngm a2200000i 4500
=001  JoVEMedicine52490
=008  161201s2016\\\\xx\\\\\g\\\\\\s\\\\\eng\d
=035  \\$a(OCoLC)733445860
=040  \\$aVaAlASP$cVaAlASP
=100  1\$aBen-Shabat,Ilan
=245  12$aIsolated Hepatic Perfusion as a Treatment for Liver Metastases of Uveal Melanoma$h[electronic resource]
=260  \\$aCambridge, MA$bMyJoVE Corp$c2016
=300  \\$aonline resource (592 seconds)
=490  0\$aMedicine
=500  \\$aTitle from resource description page
=520  \\$aHere, we present a protocol how to perform an isolated liver perfusion (IHP) with melphalan and we also discuss IHP as a treatment option for liver metastases of uveal melanoma.
=521  \\$aFor undergraduate, graduate, and professional students
=546  \\$aEnglish
=650  \0$aMedicine
=856  40$uhttps://www.jove.com/video/52490
=945  \\$aThe Whole World

