=LDR  01029ngm a2200000i 4500
=001  JoVEBiology52281
=008  161201s2016\\\\xx\\\\\g\\\\\\s\\\\\eng\d
=035  \\$a(OCoLC)733445860
=040  \\$aVaAlASP$cVaAlASP
=100  1\$aGarten,Matthias
=245  12$aReconstitution of a Transmembrane Protein, the Voltage-gated Ion Channel, KvAP, into Giant Unilamellar Vesicles for Microscopy and Patch Clamp Studies$h[electronic resource]
=260  \\$aCambridge, MA$bMyJoVE Corp$c2016
=300  \\$aonline resource (702 seconds)
=490  0\$aBiology
=500  \\$aTitle from resource description page
=520  \\$aThe reconstitution of the transmembrane protein, KvAP, into giant unilamellar vesicles (GUVs) is demonstrated for two dehydration-rehydration methods - electroformation, and gel-assisted swelling. In both methods, small unilamellar vesicles containing the protein are fused together to form GUVs that can then be studied by fluorescence microscopy and patch-clamp electrophysiology.
=521  \\$aFor undergraduate, graduate, and professional students
=546  \\$aEnglish
=650  \0$aBiology
=856  40$uhttps://www.jove.com/video/52281
=945  \\$aThe Whole World

