=LDR  00774ngm a2200000i 4500
=001  JoVEMedicine52375
=008  161201s2016\\\\xx\\\\\g\\\\\\s\\\\\eng\d
=035  \\$a(OCoLC)733445860
=040  \\$aVaAlASP$cVaAlASP
=100  1\$aTripuraneni,Nikita
=245  12$aA Surgical Procedure for Resecting the Mouse Rib: A Model for Large-Scale Long Bone Repair$h[electronic resource]
=260  \\$aCambridge, MA$bMyJoVE Corp$c2016
=300  \\$aonline resource (522 seconds)
=490  0\$aMedicine
=500  \\$aTitle from resource description page
=520  \\$aThe overall goal of this procedure is to successfully resect a portion of bone from the rib of a mouse. The procedure was developed as a model to study large-scale long bone repair.
=521  \\$aFor undergraduate, graduate, and professional students
=546  \\$aEnglish
=650  \0$aMedicine
=856  40$uhttps://www.jove.com/video/52375
=945  \\$aThe Whole World

