=LDR  00888ngm a2200000i 4500
=001  JoVEMedicine52332
=008  161201s2016\\\\xx\\\\\g\\\\\\s\\\\\eng\d
=035  \\$a(OCoLC)733445860
=040  \\$aVaAlASP$cVaAlASP
=100  1\$aSreedhar,Hari
=245  12$aHigh-definition Fourier Transform Infrared (FT-IR) Spectroscopic Imaging of Human Tissue Sections towards Improving Pathology$h[electronic resource]
=260  \\$aCambridge, MA$bMyJoVE Corp$c2016
=300  \\$aonline resource (665 seconds)
=490  0\$aMedicine
=500  \\$aTitle from resource description page
=520  \\$aFourier Transform Infrared (FT-IR) spectroscopic imaging is a fast and label-free approach to obtain biochemical data sets of cells and tissues. Here, we demonstrate how to obtain high-definition FT-IR images of tissue sections towards improving disease diagnosis. 
=521  \\$aFor undergraduate, graduate, and professional students
=546  \\$aEnglish
=650  \0$aMedicine
=856  40$uhttps://www.jove.com/video/52332
=945  \\$aThe Whole World

