=LDR  00712ngm a2200000i 4500
=001  JoVEMedicine52310
=008  161201s2016\\\\xx\\\\\g\\\\\\s\\\\\eng\d
=035  \\$a(OCoLC)733445860
=040  \\$aVaAlASP$cVaAlASP
=100  1\$aFeng,Bin
=245  12$aIn vitro Functional Characterization of Mouse Colorectal Afferent Endings$h[electronic resource]
=260  \\$aCambridge, MA$bMyJoVE Corp$c2016
=300  \\$aonline resource (849 seconds)
=490  0\$aMedicine
=500  \\$aTitle from resource description page
=520  \\$aThis video demonstrates a protocol for conducting single-fiber electrophysiological recordings on an in vitro mouse colorectum-nerve preparation. 
=521  \\$aFor undergraduate, graduate, and professional students
=546  \\$aEnglish
=650  \0$aMedicine
=856  40$uhttps://www.jove.com/video/52310
=945  \\$aThe Whole World

