=LDR  00782ngm a2200000i 4500
=001  JoVEBiology52324
=008  161201s2016\\\\xx\\\\\g\\\\\\s\\\\\eng\d
=035  \\$a(OCoLC)733445860
=040  \\$aVaAlASP$cVaAlASP
=100  1\$aJespersen,Brian
=245  12$aMeasurement of Smooth Muscle Function in the Isolated Tissue Bath-applications to Pharmacology Research$h[electronic resource]
=260  \\$aCambridge, MA$bMyJoVE Corp$c2016
=300  \\$aonline resource (545 seconds)
=490  0\$aBiology
=500  \\$aTitle from resource description page
=520  \\$aThis protocol describes the measurement of isometric contraction in an isolated smooth muscle preparation, using an isolated tissue bath system and computer-based data acquisition.  
=521  \\$aFor undergraduate, graduate, and professional students
=546  \\$aEnglish
=650  \0$aBiology
=856  40$uhttps://www.jove.com/video/52324
=945  \\$aThe Whole World

