=LDR  00948ngm a2200000i 4500
=001  JoVEMedicine52307
=008  161201s2016\\\\xx\\\\\g\\\\\\s\\\\\eng\d
=035  \\$a(OCoLC)733445860
=040  \\$aVaAlASP$cVaAlASP
=100  1\$aRobin,Jerome D.
=245  12$aIsolation and Immortalization of Patient-derived Cell Lines from Muscle Biopsy for Disease Modeling$h[electronic resource]
=260  \\$aCambridge, MA$bMyJoVE Corp$c2016
=300  \\$aonline resource (686 seconds)
=490  0\$aMedicine
=500  \\$aTitle from resource description page
=520  \\$aThis protocol describes techniques for live cell isolation and primary culture of myogenic and fibroblast cell lines from muscle or skin tissue.  A technique for the immortalization of these cell lines is also described.  Altogether, these protocols provide a reliable tool to generate and preserve patient-derived cells for downstream applications.
=521  \\$aFor undergraduate, graduate, and professional students
=546  \\$aEnglish
=650  \0$aMedicine
=856  40$uhttps://www.jove.com/video/52307
=945  \\$aThe Whole World

