=LDR  00929ngm a2200000i 4500
=001  JoVEBiology52215
=008  161201s2016\\\\xx\\\\\g\\\\\\s\\\\\eng\d
=035  \\$a(OCoLC)733445860
=040  \\$aVaAlASP$cVaAlASP
=100  1\$aGargus,Matthew
=245  12$aIsolation of Myofibroblasts from Mouse and Human Esophagus$h[electronic resource]
=260  \\$aCambridge, MA$bMyJoVE Corp$c2016
=300  \\$aonline resource (678 seconds)
=490  0\$aBiology
=500  \\$aTitle from resource description page
=520  \\$aWe present a protocol to generate primary cultures of murine and human esophageal stromal cells with a myofibroblast phenotype. Cultured cells have spindle shaped morphology, express α-SMA and vimentin, and lack epithelial, hematopoietic and endothelial cell surface markers. Characterized stromal cells can be used in functional studies of epithelial-stromal interactions. 
=521  \\$aFor undergraduate, graduate, and professional students
=546  \\$aEnglish
=650  \0$aBiology
=856  40$uhttps://www.jove.com/video/52215
=945  \\$aThe Whole World

