=LDR  00851ngm a2200000i 4500
=001  JoVEBiology50974
=008  161201s2016\\\\xx\\\\\g\\\\\\s\\\\\eng\d
=035  \\$a(OCoLC)733445860
=040  \\$aVaAlASP$cVaAlASP
=100  1\$aMehdiani,Arash
=245  12$aAn Innovative Method for Exosome Quantification and Size Measurement$h[electronic resource]
=260  \\$aCambridge, MA$bMyJoVE Corp$c2016
=300  \\$aonline resource (698 seconds)
=490  0\$aBiology
=500  \\$aTitle from resource description page
=520  \\$aA method for isolation of exosomes from whole blood and further analysis by nanoparticle tracking using a semi-automatic instrument is presented in this article. The presented technology provides an extremely sensitive method for visualizing and analyzing particles in liquid suspension.
=521  \\$aFor undergraduate, graduate, and professional students
=546  \\$aEnglish
=650  \0$aBiology
=856  40$uhttps://www.jove.com/video/50974
=945  \\$aThe Whole World

