=LDR  00793ngm a2200000i 4500
=001  JoVEMedicine52297
=008  161201s2016\\\\xx\\\\\g\\\\\\s\\\\\eng\d
=035  \\$a(OCoLC)733445860
=040  \\$aVaAlASP$cVaAlASP
=100  1\$aWalmsley,Graham G.
=245  12$aA Mouse Fetal Skin Model of Scarless Wound Repair$h[electronic resource]
=260  \\$aCambridge, MA$bMyJoVE Corp$c2016
=300  \\$aonline resource (560 seconds)
=490  0\$aMedicine
=500  \\$aTitle from resource description page
=520  \\$aDuring mammalian development, early gestational skin wounds heal without a scar. Here we detail a reliable and reproducible model of fetal scarless wound healing in the cutaneous dorsum of E16.5 (scarless) and E18.5 (scarring) mouse embryos.
=521  \\$aFor undergraduate, graduate, and professional students
=546  \\$aEnglish
=650  \0$aMedicine
=856  40$uhttps://www.jove.com/video/52297
=945  \\$aThe Whole World

