=LDR  00936ngm a2200000i 4500
=001  JoVEMedicine52236
=008  161201s2016\\\\xx\\\\\g\\\\\\s\\\\\eng\d
=035  \\$a(OCoLC)733445860
=040  \\$aVaAlASP$cVaAlASP
=100  1\$aLaucho-Contreras,Maria E.
=245  12$aAutomated Measurement of Pulmonary Emphysema and Small Airway Remodeling in Cigarette Smoke-exposed Mice$h[electronic resource]
=260  \\$aCambridge, MA$bMyJoVE Corp$c2016
=300  \\$aonline resource (637 seconds)
=490  0\$aMedicine
=500  \\$aTitle from resource description page
=520  \\$aThe goal of this protocol is to provide automated methods to quantify chronic lung pathologies in a murine model of COPD. The protocol includes exposing mice to cigarette smoke (CS), measuring pulmonary function, inflating the lungs, and using morphometry methods to measure emphysema and small airway remodeling in mice. 
=521  \\$aFor undergraduate, graduate, and professional students
=546  \\$aEnglish
=650  \0$aMedicine
=856  40$uhttps://www.jove.com/video/52236
=945  \\$aThe Whole World

