=LDR  00952ngm a2200000i 4500
=001  JoVEBiology52041
=008  161201s2016\\\\xx\\\\\g\\\\\\s\\\\\eng\d
=035  \\$a(OCoLC)733445860
=040  \\$aVaAlASP$cVaAlASP
=100  1\$aSharma,Atashi
=245  12$aToxicological Assays for Testing Effects of an Epigenetic Drug on Development, Fecundity and Survivorship of Malaria Mosquitoes$h[electronic resource]
=260  \\$aCambridge, MA$bMyJoVE Corp$c2016
=300  \\$aonline resource (626 seconds)
=490  0\$aBiology
=500  \\$aTitle from resource description page
=520  \\$aA protocol is developed to examine the effects of an epigenetic drug DZNep on the development, fecundity and survivorship of mosquitoes.  Here we describe procedures for the aqueous exposure of DZNep to immature mosquitoes and a blood-based exposure of DZNep to adult mosquitoes in addition to measuring SAH hydrolase inhibition. 
=521  \\$aFor undergraduate, graduate, and professional students
=546  \\$aEnglish
=650  \0$aBiology
=856  40$uhttps://www.jove.com/video/52041
=945  \\$aThe Whole World

