=LDR  00680ngm a2200000i 4500
=001  JoVEMedicine51158
=008  161201s2016\\\\xx\\\\\g\\\\\\s\\\\\eng\d
=035  \\$a(OCoLC)733445860
=040  \\$aVaAlASP$cVaAlASP
=100  1\$aKanchi Ravi,Rupesh
=245  12$aA Modified Precipitation Method to Isolate Urinary Exosomes$h[electronic resource]
=260  \\$aCambridge, MA$bMyJoVE Corp$c2016
=300  \\$aonline resource (305 seconds)
=490  0\$aMedicine
=500  \\$aTitle from resource description page
=520  \\$aThis manuscript describes a protocol for isolating exosomes from human urine using a modified precipitation technique.
=521  \\$aFor undergraduate, graduate, and professional students
=546  \\$aEnglish
=650  \0$aMedicine
=856  40$uhttps://www.jove.com/video/51158
=945  \\$aThe Whole World

