=LDR  00972ngm a2200000i 4500
=001  JoVEBiology52311
=008  161201s2016\\\\xx\\\\\g\\\\\\s\\\\\eng\d
=035  \\$a(OCoLC)733445860
=040  \\$aVaAlASP$cVaAlASP
=100  1\$aCabra,Vanessa
=245  12$aDo's and Don'ts of Cryo-electron Microscopy: A Primer on Sample Preparation and High Quality Data Collection for Macromolecular 3D Reconstruction$h[electronic resource]
=260  \\$aCambridge, MA$bMyJoVE Corp$c2016
=300  \\$aonline resource (565 seconds)
=490  0\$aBiology
=500  \\$aTitle from resource description page
=520  \\$aThis paper describes the cryo-electron microscopy methodology, which is used to obtain high quality microscopic images of macromolecules in their near-native state. The method yields images suitable for further computerized processing using the single particle approach, devised to generate the 3D reconstruction of a macromolecule.
=521  \\$aFor undergraduate, graduate, and professional students
=546  \\$aEnglish
=650  \0$aBiology
=856  40$uhttps://www.jove.com/video/52311
=945  \\$aThe Whole World

