=LDR  00817ngm a2200000i 4500
=001  JoVEMedicine52436
=008  161201s2016\\\\xx\\\\\g\\\\\\s\\\\\eng\d
=035  \\$a(OCoLC)733445860
=040  \\$aVaAlASP$cVaAlASP
=100  1\$aSflomos,George
=245  12$aAn Ex vivo Model to Study Hormone Action in the Human Breast$h[electronic resource]
=260  \\$aCambridge, MA$bMyJoVE Corp$c2016
=300  \\$aonline resource (751 seconds)
=490  0\$aMedicine
=500  \\$aTitle from resource description page
=520  \\$aWe have developed a novel ex vivo model to study hormone action in the human breast. It is based on tissue microstructures isolated from surgical breast tissue specimens which preserve tissue architecture, intercellular interactions, and paracrine signaling.
=521  \\$aFor undergraduate, graduate, and professional students
=546  \\$aEnglish
=650  \0$aMedicine
=856  40$uhttps://www.jove.com/video/52436
=945  \\$aThe Whole World

