=LDR  00902ngm a2200000i 4500
=001  JoVEBiology52321
=008  161201s2016\\\\xx\\\\\g\\\\\\s\\\\\eng\d
=035  \\$a(OCoLC)733445860
=040  \\$aVaAlASP$cVaAlASP
=100  1\$aNussbaum-Krammer,Carmen I.
=245  12$aInvestigating the Spreading and Toxicity of Prion-like Proteins Using the Metazoan Model Organism C. elegans$h[electronic resource]
=260  \\$aCambridge, MA$bMyJoVE Corp$c2016
=300  \\$aonline resource (777 seconds)
=490  0\$aBiology
=500  \\$aTitle from resource description page
=520  \\$aPrion-like propagation of protein aggregates has recently emerged as being implicated in many neurodegenerative diseases. The goal of this protocol is to describe, how to use the nematode C. elegans as a model system to monitor protein spreading and to investigate prion-like phenomena.
=521  \\$aFor undergraduate, graduate, and professional students
=546  \\$aEnglish
=650  \0$aBiology
=856  40$uhttps://www.jove.com/video/52321
=945  \\$aThe Whole World

