=LDR  00904ngm a2200000i 4500
=001  JoVEBiology52155
=008  161201s2016\\\\xx\\\\\g\\\\\\s\\\\\eng\d
=035  \\$a(OCoLC)733445860
=040  \\$aVaAlASP$cVaAlASP
=100  1\$aReddy,Thimma R.
=245  12$aSubcloning Plus Insertion (SPI) - A Novel Recombineering Method for the Rapid Construction of Gene Targeting Vectors$h[electronic resource]
=260  \\$aCambridge, MA$bMyJoVE Corp$c2016
=300  \\$aonline resource (542 seconds)
=490  0\$aBiology
=500  \\$aTitle from resource description page
=520  \\$aGene targeting methodologies can be used to generate transgenic mice with knockout, knock-in and tagged alleles.  Here, we describe an improved method of recombineering in E. coli, that we term 'subcloning plus insertion', which can be used to generate custom gene targeting vectors rapidly.
=521  \\$aFor undergraduate, graduate, and professional students
=546  \\$aEnglish
=650  \0$aBiology
=856  40$uhttps://www.jove.com/video/52155
=945  \\$aThe Whole World

