=LDR  00933ngm a2200000i 4500
=001  JoVEMedicine52217
=008  161201s2016\\\\xx\\\\\g\\\\\\s\\\\\eng\d
=035  \\$a(OCoLC)733445860
=040  \\$aVaAlASP$cVaAlASP
=100  1\$aAtashroo,David A.
=245  12$aAssessment of Viability of Human Fat Injection into Nude Mice with Micro-Computed Tomography$h[electronic resource]
=260  \\$aCambridge, MA$bMyJoVE Corp$c2016
=300  \\$aonline resource (673 seconds)
=490  0\$aMedicine
=500  \\$aTitle from resource description page
=520  \\$aFat grafting is an essential technique for reconstructing soft tissue deficits. However, it remains an unpredictable procedure characterized by variable graft survival.  Our goal was to devise a mouse model that utilizes a novel imaging method to compare volume retention between differing techniques of fat graft preparation and delivery.
=521  \\$aFor undergraduate, graduate, and professional students
=546  \\$aEnglish
=650  \0$aMedicine
=856  40$uhttps://www.jove.com/video/52217
=945  \\$aThe Whole World

