=LDR  00814ngm a2200000i 4500
=001  JoVEMedicine51650
=008  161201s2016\\\\xx\\\\\g\\\\\\s\\\\\eng\d
=035  \\$a(OCoLC)733445860
=040  \\$aVaAlASP$cVaAlASP
=100  1\$aBar-Joseph,Hadas
=245  12$aChemotherapy-induced Vascular Toxicity - Real-time In vivo Imaging of Vessel Impairment$h[electronic resource]
=260  \\$aCambridge, MA$bMyJoVE Corp$c2016
=300  \\$aonline resource (288 seconds)
=490  0\$aMedicine
=500  \\$aTitle from resource description page
=520  \\$aWe herein describe the method of fibered confocal fluorescent microscopy (FCFM) based imaging, which provides an innovative mode to understand physiological phenomena at the cellular and sub-cellular levels in animal subjects.
=521  \\$aFor undergraduate, graduate, and professional students
=546  \\$aEnglish
=650  \0$aMedicine
=856  40$uhttps://www.jove.com/video/51650
=945  \\$aThe Whole World

