=LDR  00755ngm a2200000i 4500
=001  JoVEBiology52357
=008  161201s2016\\\\xx\\\\\g\\\\\\s\\\\\eng\d
=035  \\$a(OCoLC)733445860
=040  \\$aVaAlASP$cVaAlASP
=100  1\$aBird,Louise E.
=245  12$aGreen Fluorescent Protein-based Expression Screening of Membrane Proteins in Escherichia coli$h[electronic resource]
=260  \\$aCambridge, MA$bMyJoVE Corp$c2016
=300  \\$aonline resource (526 seconds)
=490  0\$aBiology
=500  \\$aTitle from resource description page
=520  \\$aA streamlined approach to screening for the expression of recombinant membrane proteins in Escherichia coli based on fusion to green fluorescent protein is presented.
=521  \\$aFor undergraduate, graduate, and professional students
=546  \\$aEnglish
=650  \0$aBiology
=856  40$uhttps://www.jove.com/video/52357
=945  \\$aThe Whole World

