=LDR  00904ngm a2200000i 4500
=001  JoVEBiology52216
=008  161201s2016\\\\xx\\\\\g\\\\\\s\\\\\eng\d
=035  \\$a(OCoLC)733445860
=040  \\$aVaAlASP$cVaAlASP
=100  1\$aLimjunyawong,Nathachit
=245  12$aPhenotyping Mouse Pulmonary Function In Vivo with the Lung Diffusing Capacity$h[electronic resource]
=260  \\$aCambridge, MA$bMyJoVE Corp$c2016
=300  \\$aonline resource (433 seconds)
=490  0\$aBiology
=500  \\$aTitle from resource description page
=520  \\$aWe describe a means to quickly and simply measure the lung diffusing capacity in mice and show that it is sufficiently sensitive to phenotype changes in multiple common lung pathologies.  This metric thus brings direct translational relevance to the mouse models, since diffusing capacity is also easily measured in humans.
=521  \\$aFor undergraduate, graduate, and professional students
=546  \\$aEnglish
=650  \0$aBiology
=856  40$uhttps://www.jove.com/video/52216
=945  \\$aThe Whole World

