=LDR  00928ngm a2200000i 4500
=001  JoVEMedicine52124
=008  161201s2016\\\\xx\\\\\g\\\\\\s\\\\\eng\d
=035  \\$a(OCoLC)733445860
=040  \\$aVaAlASP$cVaAlASP
=100  1\$aSchulz-Drost,Stefan
=245  12$aSurgical Fixation of Sternal Fractures: Preoperative Planning and a Safe Surgical Technique Using Locked Titanium Plates and Depth Limited Drilling$h[electronic resource]
=260  \\$aCambridge, MA$bMyJoVE Corp$c2016
=300  \\$aonline resource (911 seconds)
=490  0\$aMedicine
=500  \\$aTitle from resource description page
=520  \\$aHere we present a method to stabilize sternal fractures by using locked titanium plates in a low profile design. Performing subperiosteal dissection along the sternum while reducing the fracture, using depth limited drilling, and fixing the plates provides a safe surgical way.
=521  \\$aFor undergraduate, graduate, and professional students
=546  \\$aEnglish
=650  \0$aMedicine
=856  40$uhttps://www.jove.com/video/52124
=945  \\$aThe Whole World

