=LDR  00960ngm a2200000i 4500
=001  JoVEMedicine50149
=008  161201s2016\\\\xx\\\\\g\\\\\\s\\\\\eng\d
=035  \\$a(OCoLC)733445860
=040  \\$aVaAlASP$cVaAlASP
=100  1\$aWalker,Melissa J.
=245  12$aA Novel Vertebral Stabilization Method for Producing  Contusive Spinal Cord Injury$h[electronic resource]
=260  \\$aCambridge, MA$bMyJoVE Corp$c2016
=300  \\$aonline resource (564 seconds)
=490  0\$aMedicine
=500  \\$aTitle from resource description page
=520  \\$aVertebral stabilization is necessary for minimizing variability, and for producing consistent experimental spinal cord injuries.  Using a customized stabilizing apparatus in conjunction with the NYU/MASCIS impactor device, we have demonstrated here the proper equipment and procedure for generating reproducible hemi-contusive cervical (C5) spinal cord injuries in adult rats.
=521  \\$aFor undergraduate, graduate, and professional students
=546  \\$aEnglish
=650  \0$aMedicine
=856  40$uhttps://www.jove.com/video/50149
=945  \\$aThe Whole World

