=LDR  00929ngm a2200000i 4500
=001  JoVEMedicine52343
=008  161201s2016\\\\xx\\\\\g\\\\\\s\\\\\eng\d
=035  \\$a(OCoLC)733445860
=040  \\$aVaAlASP$cVaAlASP
=100  1\$aJerrell,Rachel J.
=245  12$aPolyacrylamide Gels for Invadopodia and Traction Force Assays on Cancer Cells$h[electronic resource]
=260  \\$aCambridge, MA$bMyJoVE Corp$c2016
=300  \\$aonline resource (528 seconds)
=490  0\$aMedicine
=500  \\$aTitle from resource description page
=520  \\$aMechanical rigidity in the tumor microenvironment plays a crucial role in driving malignant behavior by increasing invadopodia activity and actomyosin contractility. Using polyacrylamide gels (PAAs), invadopodia and traction force assays can be utilized to study the invasive and contractile properties of cancer cells in response to matrix rigidity.
=521  \\$aFor undergraduate, graduate, and professional students
=546  \\$aEnglish
=650  \0$aMedicine
=856  40$uhttps://www.jove.com/video/52343
=945  \\$aThe Whole World

