=LDR  00843ngm a2200000i 4500
=001  JoVEMedicine52242
=008  161201s2016\\\\xx\\\\\g\\\\\\s\\\\\eng\d
=035  \\$a(OCoLC)733445860
=040  \\$aVaAlASP$cVaAlASP
=100  1\$aSharma,Anup D.
=245  12$aHigh Throughput Characterization of Adult Stem Cells Engineered for Delivery of Therapeutic Factors for Neuroprotective Strategies$h[electronic resource]
=260  \\$aCambridge, MA$bMyJoVE Corp$c2016
=300  \\$aonline resource (559 seconds)
=490  0\$aMedicine
=500  \\$aTitle from resource description page
=520  \\$aThis study describes an experimental platform to rapidly characterize engineered stem cells and their behaviors before their application in long-term in vivo transplant studies for nervous system rescue and repair.
=521  \\$aFor undergraduate, graduate, and professional students
=546  \\$aEnglish
=650  \0$aMedicine
=856  40$uhttps://www.jove.com/video/52242
=945  \\$aThe Whole World

