=LDR  00947ngm a2200000i 4500
=001  JoVEMedicine52259
=008  161201s2016\\\\xx\\\\\g\\\\\\s\\\\\eng\d
=035  \\$a(OCoLC)733445860
=040  \\$aVaAlASP$cVaAlASP
=100  1\$aWang,Hui
=245  12$aEvaluation of Stem Cell Properties in Human Ovarian Carcinoma Cells Using Multi and Single Cell-based Spheres Assays$h[electronic resource]
=260  \\$aCambridge, MA$bMyJoVE Corp$c2016
=300  \\$aonline resource (519 seconds)
=490  0\$aMedicine
=500  \\$aTitle from resource description page
=520  \\$aIn vitro spheres assays are commonly used to identify cancer stem cells. Here we compare single with multi cell-based spheres assays. The more laborious single cell-based assays or methylcellulose supplementation give more accurate results while multi cell-based assays performed in liquid medium can be highly influenced by cell density.
=521  \\$aFor undergraduate, graduate, and professional students
=546  \\$aEnglish
=650  \0$aMedicine
=856  40$uhttps://www.jove.com/video/52259
=945  \\$aThe Whole World

