=LDR  00770ngm a2200000i 4500
=001  JoVEBiology52118
=008  161201s2016\\\\xx\\\\\g\\\\\\s\\\\\eng\d
=035  \\$a(OCoLC)733445860
=040  \\$aVaAlASP$cVaAlASP
=100  1\$aBauer,Daniel E.
=245  12$aGeneration of Genomic Deletions in Mammalian Cell Lines via CRISPR/Cas9$h[electronic resource]
=260  \\$aCambridge, MA$bMyJoVE Corp$c2016
=300  \\$aonline resource (580 seconds)
=490  0\$aBiology
=500  \\$aTitle from resource description page
=520  \\$aCRISPR/Cas9 is a robust system to produce disruption of genes and genetic elements. Here we describe a protocol for the efficient creation of genomic deletions in mammalian cell lines using CRISPR/Cas9.
=521  \\$aFor undergraduate, graduate, and professional students
=546  \\$aEnglish
=650  \0$aBiology
=856  40$uhttps://www.jove.com/video/52118
=945  \\$aThe Whole World

