=LDR  00909ngm a2200000i 4500
=001  JoVEBiology51537
=008  161201s2016\\\\xx\\\\\g\\\\\\s\\\\\eng\d
=035  \\$a(OCoLC)733445860
=040  \\$aVaAlASP$cVaAlASP
=100  1\$aSui,Dexin
=245  12$aIn Vitro Aggregation Assays Using Hyperphosphorylated Tau Protein$h[electronic resource]
=260  \\$aCambridge, MA$bMyJoVE Corp$c2016
=300  \\$aonline resource (562 seconds)
=490  0\$aBiology
=500  \\$aTitle from resource description page
=520  \\$aUnmodified and hyperphosphorylated tau proteins were used in two in vitro aggregation assays to reveal the hyperphosphorylation-dependent fast aggregation kinetics. These assays pave the way for future screens for compounds that can modulate the propensity of hyperphosphorylated tau to form fibrils that underlie the progression of Alzheimer's disease.
=521  \\$aFor undergraduate, graduate, and professional students
=546  \\$aEnglish
=650  \0$aBiology
=856  40$uhttps://www.jove.com/video/51537
=945  \\$aThe Whole World

