=LDR  00701ngm a2200000i 4500
=001  JoVEMedicine51742
=008  161201s2016\\\\xx\\\\\g\\\\\\s\\\\\eng\d
=035  \\$a(OCoLC)733445860
=040  \\$aVaAlASP$cVaAlASP
=100  1\$aAlvarez,Angel
=245  12$aFocus Formation: A Cell-based Assay to Determine the Oncogenic Potential of a Gene$h[electronic resource]
=260  \\$aCambridge, MA$bMyJoVE Corp$c2016
=300  \\$aonline resource (498 seconds)
=490  0\$aMedicine
=500  \\$aTitle from resource description page
=520  \\$aThe Focus Formation Assay provides a straightforward method to assess the transforming potential of a candidate oncogene.
=521  \\$aFor undergraduate, graduate, and professional students
=546  \\$aEnglish
=650  \0$aMedicine
=856  40$uhttps://www.jove.com/video/51742
=945  \\$aThe Whole World

