=LDR  00877ngm a2200000i 4500
=001  JoVEBiology52088
=008  161201s2016\\\\xx\\\\\g\\\\\\s\\\\\eng\d
=035  \\$a(OCoLC)733445860
=040  \\$aVaAlASP$cVaAlASP
=100  1\$aSparks,Jackson T.
=245  12$aPhysiological Recordings and RNA Sequencing of the Gustatory Appendages of the Yellow-fever Mosquito Aedes aegypti$h[electronic resource]
=260  \\$aCambridge, MA$bMyJoVE Corp$c2016
=300  \\$aonline resource (549 seconds)
=490  0\$aBiology
=500  \\$aTitle from resource description page
=520  \\$aUsing two methods to estimate gene expression in the major gustatory appendages of Aedes aegypti, we have identified the set of genes putatively underlying the neuronal responses to bitter and repulsive compounds, as determined by electrophysiological examination.
=521  \\$aFor undergraduate, graduate, and professional students
=546  \\$aEnglish
=650  \0$aBiology
=856  40$uhttps://www.jove.com/video/52088
=945  \\$aThe Whole World

