=LDR  00907ngm a2200000i 4500
=001  JoVEBiology51546
=008  161201s2016\\\\xx\\\\\g\\\\\\s\\\\\eng\d
=035  \\$a(OCoLC)733445860
=040  \\$aVaAlASP$cVaAlASP
=100  1\$aBaker,Mark A.
=245  12$aPhosphopeptide Analysis of Rodent Epididymal Spermatozoa$h[electronic resource]
=260  \\$aCambridge, MA$bMyJoVE Corp$c2016
=300  \\$aonline resource (570 seconds)
=490  0\$aBiology
=500  \\$aTitle from resource description page
=520  \\$aProteomic analysis of any cell type is highly dependent on both purity and pre-fractionation of the starting material in order to de-complexify the sample prior to liquid chromatography mass spectrometry (MS). By using back-flushing techniques, pure spermatozoa can be obtained from rodents. Following digestion, phosphopeptides can be enriched using TiO2.
=521  \\$aFor undergraduate, graduate, and professional students
=546  \\$aEnglish
=650  \0$aBiology
=856  40$uhttps://www.jove.com/video/51546
=945  \\$aThe Whole World

