=LDR  00959ngm a2200000i 4500
=001  JoVEMedicine52031
=008  161201s2016\\\\xx\\\\\g\\\\\\s\\\\\eng\d
=035  \\$a(OCoLC)733445860
=040  \\$aVaAlASP$cVaAlASP
=100  1\$aBallesteros,Iván
=245  12$aStereological and Flow Cytometry Characterization of Leukocyte Subpopulations in Models of Transient or Permanent Cerebral Ischemia$h[electronic resource]
=260  \\$aCambridge, MA$bMyJoVE Corp$c2016
=300  \\$aonline resource (762 seconds)
=490  0\$aMedicine
=500  \\$aTitle from resource description page
=520  \\$aBrain myeloid cells characterization following stroke can be performed by stereology using the optical fractionator method, or by a flow cytometric analysis of brain leukocytes suspensions. Both are useful techniques to perform an accurate phenotypical distinction of the main myeloid cell subsets found in the ischemic brain.
=521  \\$aFor undergraduate, graduate, and professional students
=546  \\$aEnglish
=650  \0$aMedicine
=856  40$uhttps://www.jove.com/video/52031
=945  \\$aThe Whole World

