=LDR  00963ngm a2200000i 4500
=001  JoVEMedicine52160
=008  161201s2016\\\\xx\\\\\g\\\\\\s\\\\\eng\d
=035  \\$a(OCoLC)733445860
=040  \\$aVaAlASP$cVaAlASP
=100  1\$aKim,Se-Chan
=245  12$aThe Supraclavicular Fossa Ultrasound View for Central Venous Catheter Placement and Catheter Change Over Guidewire$h[electronic resource]
=260  \\$aCambridge, MA$bMyJoVE Corp$c2016
=300  \\$aonline resource (467 seconds)
=490  0\$aMedicine
=500  \\$aTitle from resource description page
=520  \\$aThe overall goal is to enable clinicians to insert a central venous catheter under real-time ultrasound guidance via the right supraclavicular fossa view of the lower part of the superior vena cava. This view is useful for different catheter insertion sites, thrombosis detection before insertion and ultrasound guided correction of misplaced catheters.
=521  \\$aFor undergraduate, graduate, and professional students
=546  \\$aEnglish
=650  \0$aMedicine
=856  40$uhttps://www.jove.com/video/52160
=945  \\$aThe Whole World

