=LDR  00905ngm a2200000i 4500
=001  JoVEMedicine52045
=008  161201s2016\\\\xx\\\\\g\\\\\\s\\\\\eng\d
=035  \\$a(OCoLC)733445860
=040  \\$aVaAlASP$cVaAlASP
=100  1\$aZhang,Wei
=245  12$aVascular Balloon Injury and Intraluminal Administration in Rat Carotid Artery$h[electronic resource]
=260  \\$aCambridge, MA$bMyJoVE Corp$c2016
=300  \\$aonline resource (581 seconds)
=490  0\$aMedicine
=500  \\$aTitle from resource description page
=520  \\$aThis protocol uses a balloon catheter to cause an intraluminal injury on the rat carotid artery and henceforth elicit neointimal hyperplasia. This is a well-established model for studying the mechanisms of vascular remodeling in response to injury. It is also widely used to determine the validity of potential therapeutic approaches.
=521  \\$aFor undergraduate, graduate, and professional students
=546  \\$aEnglish
=650  \0$aMedicine
=856  40$uhttps://www.jove.com/video/52045
=945  \\$aThe Whole World

