=LDR  00851ngm a2200000i 4500
=001  JoVEBiology52117
=008  161201s2016\\\\xx\\\\\g\\\\\\s\\\\\eng\d
=035  \\$a(OCoLC)733445860
=040  \\$aVaAlASP$cVaAlASP
=100  1\$aLim,Yan Wei
=245  12$aPurifying the Impure: Sequencing Metagenomes and Metatranscriptomes from Complex Animal-associated Samples$h[electronic resource]
=260  \\$aCambridge, MA$bMyJoVE Corp$c2016
=300  \\$aonline resource (683 seconds)
=490  0\$aBiology
=500  \\$aTitle from resource description page
=520  \\$aUsing the cystic fibrosis airway as an example, the manuscript presents a comprehensive workflow comprising a combination of metagenomic and metatranscriptomic approaches to characterize the microbial and viral communities in animal-associated samples.
=521  \\$aFor undergraduate, graduate, and professional students
=546  \\$aEnglish
=650  \0$aBiology
=856  40$uhttps://www.jove.com/video/52117
=945  \\$aThe Whole World

