=LDR  00957ngm a2200000i 4500
=001  JoVEMedicine52012
=008  161201s2016\\\\xx\\\\\g\\\\\\s\\\\\eng\d
=035  \\$a(OCoLC)733445860
=040  \\$aVaAlASP$cVaAlASP
=100  1\$aMammoto,Tadanori
=245  12$aImplantation of Fibrin Gel on Mouse Lung to Study Lung-specific Angiogenesis$h[electronic resource]
=260  \\$aCambridge, MA$bMyJoVE Corp$c2016
=300  \\$aonline resource (472 seconds)
=490  0\$aMedicine
=500  \\$aTitle from resource description page
=520  \\$aRecapitulation of the organ-specific microenvironment, which stimulates local angiogenesis, is indispensable for successful regeneration of damaged tissues. This report demonstrates a novel method to implant fibrin gels on the lung surface of living mouse in order to explore how the lung-specific microenvironment modulates angiogenesis and alveolar regeneration in adult mouse. 
=521  \\$aFor undergraduate, graduate, and professional students
=546  \\$aEnglish
=650  \0$aMedicine
=856  40$uhttps://www.jove.com/video/52012
=945  \\$aThe Whole World

