=LDR  00899ngm a2200000i 4500
=001  JoVEMedicine52559
=008  161201s2016\\\\xx\\\\\g\\\\\\s\\\\\eng\d
=035  \\$a(OCoLC)733445860
=040  \\$aVaAlASP$cVaAlASP
=100  1\$aHesketh,Emily E.
=245  12$aA Murine Model of Irreversible and Reversible Unilateral Ureteric Obstruction$h[electronic resource]
=260  \\$aCambridge, MA$bMyJoVE Corp$c2016
=300  \\$aonline resource (845 seconds)
=490  0\$aMedicine
=500  \\$aTitle from resource description page
=520  \\$aThe murine model of irreversible unilateral ureteric obstruction (UUO) is presented together with the model of reversible UUO in which the ureteric obstruction is relieved by anastomosis of the severed ureter into the bladder. These models enable the study of renal inflammation and scarring as well as tissue remodeling.
=521  \\$aFor undergraduate, graduate, and professional students
=546  \\$aEnglish
=650  \0$aMedicine
=856  40$uhttps://www.jove.com/video/52559
=945  \\$aThe Whole World

