=LDR  00823ngm a2200000i 4500
=001  JoVEBiology52030
=008  161201s2016\\\\xx\\\\\g\\\\\\s\\\\\eng\d
=035  \\$a(OCoLC)733445860
=040  \\$aVaAlASP$cVaAlASP
=100  1\$aMajumder,Shubhra
=245  12$aQuantitative Immunofluorescence Assay to Measure the Variation in Protein Levels at Centrosomes$h[electronic resource]
=260  \\$aCambridge, MA$bMyJoVE Corp$c2016
=300  \\$aonline resource (579 seconds)
=490  0\$aBiology
=500  \\$aTitle from resource description page
=520  \\$aHere, a novel quantitative fluorescence assay is developed to measure changes in the level of a protein specifically at centrosomes by normalizing that protein's fluorescence intensity to that of an appropriate internal standard. 
=521  \\$aFor undergraduate, graduate, and professional students
=546  \\$aEnglish
=650  \0$aBiology
=856  40$uhttps://www.jove.com/video/52030
=945  \\$aThe Whole World

