=LDR  00882ngm a2200000i 4500
=001  JoVEBiology52189
=008  161201s2016\\\\xx\\\\\g\\\\\\s\\\\\eng\d
=035  \\$a(OCoLC)733445860
=040  \\$aVaAlASP$cVaAlASP
=100  1\$aBastaki,Nasmah K.
=245  12$aFloral-Dip Transformation of Flax (Linum usitatissimum) to Generate Transgenic Progenies with a High Transformation Rate$h[electronic resource]
=260  \\$aCambridge, MA$bMyJoVE Corp$c2016
=300  \\$aonline resource (529 seconds)
=490  0\$aBiology
=500  \\$aTitle from resource description page
=520  \\$aHere, we present a protocol to transform flax using Agrobacterium-mediated plant transformation via floral-dip. This protocol is simple to perform and inexpensive, yet yields a higher transformation rate than the current available methods for flax transformation.
=521  \\$aFor undergraduate, graduate, and professional students
=546  \\$aEnglish
=650  \0$aBiology
=856  40$uhttps://www.jove.com/video/52189
=945  \\$aThe Whole World

