=LDR  00790ngm a2200000i 4500
=001  JoVEBiology52113
=008  161201s2016\\\\xx\\\\\g\\\\\\s\\\\\eng\d
=035  \\$a(OCoLC)733445860
=040  \\$aVaAlASP$cVaAlASP
=100  1\$aO'Leary,Brendan M.
=245  12$aThe Infiltration-centrifugation Technique for Extraction of Apoplastic Fluid from Plant Leaves Using Phaseolus vulgaris as an Example$h[electronic resource]
=260  \\$aCambridge, MA$bMyJoVE Corp$c2016
=300  \\$aonline resource (626 seconds)
=490  0\$aBiology
=500  \\$aTitle from resource description page
=520  \\$aThis protocol details the optimized extraction of apoplast washing fluid from plant leaves, using French bean plants (Phaseolus vulgaris) as a model example.
=521  \\$aFor undergraduate, graduate, and professional students
=546  \\$aEnglish
=650  \0$aBiology
=856  40$uhttps://www.jove.com/video/52113
=945  \\$aThe Whole World

