=LDR  00913ngm a2200000i 4500
=001  JoVEMedicine52306
=008  161201s2016\\\\xx\\\\\g\\\\\\s\\\\\eng\d
=035  \\$a(OCoLC)733445860
=040  \\$aVaAlASP$cVaAlASP
=100  1\$aLu,Hanzhang
=245  12$aMRI Mapping of Cerebrovascular Reactivity via Gas Inhalation Challenges$h[electronic resource]
=260  \\$aCambridge, MA$bMyJoVE Corp$c2016
=300  \\$aonline resource (573 seconds)
=490  0\$aMedicine
=500  \\$aTitle from resource description page
=520  \\$aNon-invasive imaging of the brain vasculature's ability to dilate or constrict may allow a better understanding of cerebrovascular pathophysiology in various neurological diseases. The present report describes a reproducible and patient-comfortable protocol to perform vascular reactivity imaging in humans using magnetic resonance imaging (MRI).
=521  \\$aFor undergraduate, graduate, and professional students
=546  \\$aEnglish
=650  \0$aMedicine
=856  40$uhttps://www.jove.com/video/52306
=945  \\$aThe Whole World

