=LDR  00750ngm a2200000i 4500
=001  JoVEMedicine52294
=008  161201s2016\\\\xx\\\\\g\\\\\\s\\\\\eng\d
=035  \\$a(OCoLC)733445860
=040  \\$aVaAlASP$cVaAlASP
=100  1\$aLiu,Sheng
=245  12$aMouse Pneumonectomy Model of Compensatory Lung Growth$h[electronic resource]
=260  \\$aCambridge, MA$bMyJoVE Corp$c2016
=300  \\$aonline resource (562 seconds)
=490  0\$aMedicine
=500  \\$aTitle from resource description page
=520  \\$aMouse pneumonectomy is a commonly employed model of compensatory lung growth. This procedure can be used in conjunction with lineage tracing or transgenic mouse models to elucidate underlying mechanisms.
=521  \\$aFor undergraduate, graduate, and professional students
=546  \\$aEnglish
=650  \0$aMedicine
=856  40$uhttps://www.jove.com/video/52294
=945  \\$aThe Whole World

