=LDR  00814ngm a2200000i 4500
=001  JoVEMedicine52141
=008  161201s2016\\\\xx\\\\\g\\\\\\s\\\\\eng\d
=035  \\$a(OCoLC)733445860
=040  \\$aVaAlASP$cVaAlASP
=100  1\$aCarelli,Stephana
=245  12$aNeural Stem Cell Transplantation in Experimental Contusive Model of Spinal Cord Injury$h[electronic resource]
=260  \\$aCambridge, MA$bMyJoVE Corp$c2016
=300  \\$aonline resource (656 seconds)
=490  0\$aMedicine
=500  \\$aTitle from resource description page
=520  \\$aSpinal cord injury is a traumatic condition that causes severe morbidity and high mortality. In this work we describe in detail a contusion model of spinal cord injury in mice followed by a transplantation of neural stem cells.
=521  \\$aFor undergraduate, graduate, and professional students
=546  \\$aEnglish
=650  \0$aMedicine
=856  40$uhttps://www.jove.com/video/52141
=945  \\$aThe Whole World

