=LDR  00928ngm a2200000i 4500
=001  JoVEBiology52223
=008  161201s2016\\\\xx\\\\\g\\\\\\s\\\\\eng\d
=035  \\$a(OCoLC)733445860
=040  \\$aVaAlASP$cVaAlASP
=100  1\$aTauc,Helen M.
=245  12$aIsolating Intestinal Stem Cells from Adult Drosophila Midguts by FACS to Study Stem Cell Behavior During Aging$h[electronic resource]
=260  \\$aCambridge, MA$bMyJoVE Corp$c2016
=300  \\$aonline resource (657 seconds)
=490  0\$aBiology
=500  \\$aTitle from resource description page
=520  \\$aUnderstanding the endogenous molecular changes in adult stem cells during aging requires isolating the cells of interest. The method described here presents a simple and robust approach to enrich for and isolate Drosophila intestinal stem cells and the enteroblast progenitor cells by FACS at any time point during aging.  
=521  \\$aFor undergraduate, graduate, and professional students
=546  \\$aEnglish
=650  \0$aBiology
=856  40$uhttps://www.jove.com/video/52223
=945  \\$aThe Whole World

