=LDR  01041ngm a2200000i 4500
=001  JoVEBiology51882
=008  161201s2016\\\\xx\\\\\g\\\\\\s\\\\\eng\d
=035  \\$a(OCoLC)733445860
=040  \\$aVaAlASP$cVaAlASP
=100  1\$aStockwell,Simon R.
=245  12$aWorkflow for High-content, Individual Cell Quantification of Fluorescent Markers from Universal Microscope Data, Supported by Open Source Software$h[electronic resource]
=260  \\$aCambridge, MA$bMyJoVE Corp$c2016
=300  \\$aonline resource (597 seconds)
=490  0\$aBiology
=500  \\$aTitle from resource description page
=520  \\$aPresented is a flexible informatics workflow enabling multiplexed image-based analysis of fluorescently labeled cells. The workflow quantifies nuclear and cytoplasmic markers and computes marker translocation between these compartments. Procedures are provided for perturbation of cells using siRNA and reliable methodology for marker detection by indirect immunofluorescence in 96-well formats.
=521  \\$aFor undergraduate, graduate, and professional students
=546  \\$aEnglish
=650  \0$aBiology
=856  40$uhttps://www.jove.com/video/51882
=945  \\$aThe Whole World

