=LDR  00889ngm a2200000i 4500
=001  JoVEMedicine52048
=008  161201s2016\\\\xx\\\\\g\\\\\\s\\\\\eng\d
=035  \\$a(OCoLC)733445860
=040  \\$aVaAlASP$cVaAlASP
=100  1\$aNissan,Noam
=245  12$aTracking the Mammary Architectural Features and Detecting Breast Cancer with Magnetic Resonance Diffusion Tensor Imaging$h[electronic resource]
=260  \\$aCambridge, MA$bMyJoVE Corp$c2016
=300  \\$aonline resource (948 seconds)
=490  0\$aMedicine
=500  \\$aTitle from resource description page
=520  \\$aWe describe how to obtain parametric and vector maps of the diffusion tensor of the breast using magnetic resonance imaging. The protocol and final output following imaging processing are tailored for tracking breast architectural features and detecting breast malignancy. 
=521  \\$aFor undergraduate, graduate, and professional students
=546  \\$aEnglish
=650  \0$aMedicine
=856  40$uhttps://www.jove.com/video/52048
=945  \\$aThe Whole World

