=LDR  00886ngm a2200000i 4500
=001  JoVEBiology52240
=008  161201s2016\\\\xx\\\\\g\\\\\\s\\\\\eng\d
=035  \\$a(OCoLC)733445860
=040  \\$aVaAlASP$cVaAlASP
=100  1\$aPeccarelli,Megan
=245  12$aMeasurement of mRNA Decay Rates in Saccharomyces cerevisiae Using rpb1-1 Strains$h[electronic resource]
=260  \\$aCambridge, MA$bMyJoVE Corp$c2016
=300  \\$aonline resource (741 seconds)
=490  0\$aBiology
=500  \\$aTitle from resource description page
=520  \\$aThe steady state level of specific mRNAs is determined by the rate of synthesis and decay of the mRNA. Genome-wide mRNA degradation rates or the decay rates of specific mRNAs can be measured by determining mRNA half-lives. This protocol focuses on measurement of mRNA decay rates in Saccharomyces cerevisiae.
=521  \\$aFor undergraduate, graduate, and professional students
=546  \\$aEnglish
=650  \0$aBiology
=856  40$uhttps://www.jove.com/video/52240
=945  \\$aThe Whole World

