=LDR  00938ngm a2200000i 4500
=001  JoVEBiology52161
=008  161201s2016\\\\xx\\\\\g\\\\\\s\\\\\eng\d
=035  \\$a(OCoLC)733445860
=040  \\$aVaAlASP$cVaAlASP
=100  1\$aRothrock Jr.,Michael J.
=245  12$aA Hybrid DNA Extraction Method for the Qualitative and Quantitative Assessment of Bacterial Communities from Poultry Production Samples$h[electronic resource]
=260  \\$aCambridge, MA$bMyJoVE Corp$c2016
=300  \\$aonline resource (444 seconds)
=490  0\$aBiology
=500  \\$aTitle from resource description page
=520  \\$aA novel semi-automated hybrid DNA extraction method for use with environmental poultry production samples was developed and demonstrated improvements over a common mechanical and enzymatic extraction method in terms of the quantitative and qualitative estimates of the total bacterial communities. 
=521  \\$aFor undergraduate, graduate, and professional students
=546  \\$aEnglish
=650  \0$aBiology
=856  40$uhttps://www.jove.com/video/52161
=945  \\$aThe Whole World

