=LDR  00939ngm a2200000i 4500
=001  JoVEBiology52150
=008  161201s2016\\\\xx\\\\\g\\\\\\s\\\\\eng\d
=035  \\$a(OCoLC)733445860
=040  \\$aVaAlASP$cVaAlASP
=100  1\$aBerguet,Geoffrey
=245  12$aAutomating ChIP-seq Experiments to Generate Epigenetic Profiles on 10,000 HeLa Cells$h[electronic resource]
=260  \\$aCambridge, MA$bMyJoVE Corp$c2016
=300  \\$aonline resource (514 seconds)
=490  0\$aBiology
=500  \\$aTitle from resource description page
=520  \\$aMethods for mapping in vivo protein-DNA interactions are becoming crucial for every aspect of genomic research but they are laborious, costly, and time consuming. Here a commercially available robotic liquid handling system that automates chromatin immunoprecipitation for mapping in vivo protein-DNA interactions with limited amounts of cells is presented.
=521  \\$aFor undergraduate, graduate, and professional students
=546  \\$aEnglish
=650  \0$aBiology
=856  40$uhttps://www.jove.com/video/52150
=945  \\$aThe Whole World

