=LDR  01016ngm a2200000i 4500
=001  JoVEBiology51082
=008  161201s2016\\\\xx\\\\\g\\\\\\s\\\\\eng\d
=035  \\$a(OCoLC)733445860
=040  \\$aVaAlASP$cVaAlASP
=100  1\$aTaylor,J. Andrew
=245  12$aAssessing Cerebral Autoregulation via Oscillatory Lower Body Negative Pressure and Projection Pursuit Regression$h[electronic resource]
=260  \\$aCambridge, MA$bMyJoVE Corp$c2016
=300  \\$aonline resource (686 seconds)
=490  0\$aBiology
=500  \\$aTitle from resource description page
=520  \\$aCerebral perfusion is maintained across a range of pressures via cerebral autoregulation. However, characterizing autoregulation requires prominent pressure fluctuations at regulated frequencies. The described protocol will show how oscillatory lower body negative pressure can generate pressure fluctuations to provide data for projection pursuit regression for quantification of the autoregulatory curve.
=521  \\$aFor undergraduate, graduate, and professional students
=546  \\$aEnglish
=650  \0$aBiology
=856  40$uhttps://www.jove.com/video/51082
=945  \\$aThe Whole World

