=LDR  00885ngm a2200000i 4500
=001  JoVEMedicine52154
=008  161201s2016\\\\xx\\\\\g\\\\\\s\\\\\eng\d
=035  \\$a(OCoLC)733445860
=040  \\$aVaAlASP$cVaAlASP
=100  1\$aAllegretti,Jessica R.
=245  12$aFecal Microbiota Transplantation via Colonoscopy for Recurrent C. difficile Infection$h[electronic resource]
=260  \\$aCambridge, MA$bMyJoVE Corp$c2016
=300  \\$aonline resource (426 seconds)
=490  0\$aMedicine
=500  \\$aTitle from resource description page
=520  \\$aFecal Microbiota Transplantation via colonoscopy is a safe and effective treatment for recurrent and refractory C.difficile infection. A systematic approach to patient and donor screening, preparation of stool, and delivery of the stool during the colonoscopy will maximize therapeutic success.
=521  \\$aFor undergraduate, graduate, and professional students
=546  \\$aEnglish
=650  \0$aMedicine
=856  40$uhttps://www.jove.com/video/52154
=945  \\$aThe Whole World

