=LDR  00951ngm a2200000i 4500
=001  JoVEMedicine52046
=008  161201s2016\\\\xx\\\\\g\\\\\\s\\\\\eng\d
=035  \\$a(OCoLC)733445860
=040  \\$aVaAlASP$cVaAlASP
=100  1\$aKetcham,Caroline J.
=245  12$aA Neuroscientific Approach to the Examination of Concussions in Student-Athletes$h[electronic resource]
=260  \\$aCambridge, MA$bMyJoVE Corp$c2016
=300  \\$aonline resource (692 seconds)
=490  0\$aMedicine
=500  \\$aTitle from resource description page
=520  \\$aThere is great variability in an individual's risk for concussion and their corresponding recovery. A multifaceted approach to concussion evaluation is warranted; including baseline testing of athletes before participation in sport and timely evaluation post injury. The goal of this protocol is to provide an appropriate multifaceted approach to examine concussions.
=521  \\$aFor undergraduate, graduate, and professional students
=546  \\$aEnglish
=650  \0$aMedicine
=856  40$uhttps://www.jove.com/video/52046
=945  \\$aThe Whole World

