=LDR  00855ngm a2200000i 4500
=001  JoVEMedicine51820
=008  161201s2016\\\\xx\\\\\g\\\\\\s\\\\\eng\d
=035  \\$a(OCoLC)733445860
=040  \\$aVaAlASP$cVaAlASP
=100  1\$aMychasiuk,Richelle
=245  12$aA Novel Model of Mild Traumatic Brain Injury for Juvenile Rats$h[electronic resource]
=260  \\$aCambridge, MA$bMyJoVE Corp$c2016
=300  \\$aonline resource (456 seconds)
=490  0\$aMedicine
=500  \\$aTitle from resource description page
=520  \\$aThe modified weight-drop technique is an easy, cost-effective procedure used for the induction of mild traumatic brain injury in juvenile rats. This novel technique produces clinically relevant symptomology that will advance the study of mild traumatic brain injury (mTBI) and concussion.  
=521  \\$aFor undergraduate, graduate, and professional students
=546  \\$aEnglish
=650  \0$aMedicine
=856  40$uhttps://www.jove.com/video/51820
=945  \\$aThe Whole World

