=LDR  00957ngm a2200000i 4500
=001  JoVEBiology51984
=008  161201s2016\\\\xx\\\\\g\\\\\\s\\\\\eng\d
=035  \\$a(OCoLC)733445860
=040  \\$aVaAlASP$cVaAlASP
=100  1\$aKesarwani,Meenu
=245  12$aA Method for Screening and Validation of Resistant Mutations Against Kinase Inhibitors$h[electronic resource]
=260  \\$aCambridge, MA$bMyJoVE Corp$c2016
=300  \\$aonline resource (760 seconds)
=490  0\$aBiology
=500  \\$aTitle from resource description page
=520  \\$aEmergence of genetic resistance against kinase inhibitor therapy poses significant challenge for effective cancer therapy. Identification and characterization of resistant mutations against a newly developed drug helps in better clinical management and next generation drug design. Here, we describe our protocol for in vitro screening and validation of resistant mutations.
=521  \\$aFor undergraduate, graduate, and professional students
=546  \\$aEnglish
=650  \0$aBiology
=856  40$uhttps://www.jove.com/video/51984
=945  \\$aThe Whole World

