=LDR  00883ngm a2200000i 4500
=001  JoVEBiology51973
=008  161201s2016\\\\xx\\\\\g\\\\\\s\\\\\eng\d
=035  \\$a(OCoLC)733445860
=040  \\$aVaAlASP$cVaAlASP
=100  1\$aYang,Hsin-ya
=245  12$aUtilizing Custom-designed Galvanotaxis Chambers to Study Directional Migration of Prostate Cells$h[electronic resource]
=260  \\$aCambridge, MA$bMyJoVE Corp$c2016
=300  \\$aonline resource (525 seconds)
=490  0\$aBiology
=500  \\$aTitle from resource description page
=520  \\$aWe present a method to apply a physiological electric field to migrating, immortalized prostate cells in a custom-made galvanotaxis chamber. Using this method, we demonstrate that 2 lines of non-tumorigenic prostate cells demonstrate different degrees of migration directionality in the field.
=521  \\$aFor undergraduate, graduate, and professional students
=546  \\$aEnglish
=650  \0$aBiology
=856  40$uhttps://www.jove.com/video/51973
=945  \\$aThe Whole World

