=LDR  00866ngm a2200000i 4500
=001  JoVEMedicine52174
=008  161201s2016\\\\xx\\\\\g\\\\\\s\\\\\eng\d
=035  \\$a(OCoLC)733445860
=040  \\$aVaAlASP$cVaAlASP
=100  1\$aMann,Adrien
=245  12$aLocalization, Identification, and Excision of Murine Adipose Depots$h[electronic resource]
=260  \\$aCambridge, MA$bMyJoVE Corp$c2016
=300  \\$aonline resource (533 seconds)
=490  0\$aMedicine
=500  \\$aTitle from resource description page
=520  \\$aDue to the drastic and negative connection between obesity and other comorbidities, research on the role adipose plays in disease and overall health is warranted. We present a protocol for the isolation and excision of adipose depots allowing for the study of adipose using in situ and in vitro methods.
=521  \\$aFor undergraduate, graduate, and professional students
=546  \\$aEnglish
=650  \0$aMedicine
=856  40$uhttps://www.jove.com/video/52174
=945  \\$aThe Whole World

