=LDR  00922ngm a2200000i 4500
=001  JoVEBiology52230
=008  161201s2016\\\\xx\\\\\g\\\\\\s\\\\\eng\d
=035  \\$a(OCoLC)733445860
=040  \\$aVaAlASP$cVaAlASP
=100  1\$aFillebeen,Carine
=245  12$aElectrophoretic Mobility Shift Assay (EMSA) for the Study of RNA-Protein Interactions: The IRE/IRP Example$h[electronic resource]
=260  \\$aCambridge, MA$bMyJoVE Corp$c2016
=300  \\$aonline resource (764 seconds)
=490  0\$aBiology
=500  \\$aTitle from resource description page
=520  \\$aHere we present a protocol to analyze RNA/protein interactions. The electrophoretic mobility shift assay (EMSA) is based on the differential migration of RNA/protein complexes and free RNA during native gel electrophoresis. By using a radiolabeled RNA probe, RNA/protein complexes can be visualized by autoradiography.
=521  \\$aFor undergraduate, graduate, and professional students
=546  \\$aEnglish
=650  \0$aBiology
=856  40$uhttps://www.jove.com/video/52230
=945  \\$aThe Whole World

