=LDR  00713ngm a2200000i 4500
=001  JoVEBiology51959
=008  161201s2016\\\\xx\\\\\g\\\\\\s\\\\\eng\d
=035  \\$a(OCoLC)733445860
=040  \\$aVaAlASP$cVaAlASP
=100  1\$aXu,Suhong
=245  12$aMethods for Skin Wounding and Assays for Wound Responses in C. elegans$h[electronic resource]
=260  \\$aCambridge, MA$bMyJoVE Corp$c2016
=300  \\$aonline resource (546 seconds)
=490  0\$aBiology
=500  \\$aTitle from resource description page
=520  \\$aThe adult C. elegans skin is a tractable model for studies of epithelial wound responses, including wound closure, scar formation, and innate immunity. 
=521  \\$aFor undergraduate, graduate, and professional students
=546  \\$aEnglish
=650  \0$aBiology
=856  40$uhttps://www.jove.com/video/51959
=945  \\$aThe Whole World

