=LDR  00993ngm a2200000i 4500
=001  JoVEMedicine52206
=008  161201s2016\\\\xx\\\\\g\\\\\\s\\\\\eng\d
=035  \\$a(OCoLC)733445860
=040  \\$aVaAlASP$cVaAlASP
=100  1\$aMuthuramu,Ilayaraja
=245  12$aPermanent Ligation of the Left Anterior Descending Coronary Artery in Mice: A Model of Post-myocardial Infarction Remodelling and Heart Failure$h[electronic resource]
=260  \\$aCambridge, MA$bMyJoVE Corp$c2016
=300  \\$aonline resource (577 seconds)
=490  0\$aMedicine
=500  \\$aTitle from resource description page
=520  \\$aHeart failure is the leading cause of hospitalization and a major cause of mortality. A model of permanent ligation of the left anterior descending coronary artery in mice is applied to investigate ventricular remodelling and cardiac dysfunction post-myocardial infarction. The technique of invasive hemodynamic measurements in mice is presented.
=521  \\$aFor undergraduate, graduate, and professional students
=546  \\$aEnglish
=650  \0$aMedicine
=856  40$uhttps://www.jove.com/video/52206
=945  \\$aThe Whole World

