=LDR  00881ngm a2200000i 4500
=001  JoVEMedicine52200
=008  161201s2016\\\\xx\\\\\g\\\\\\s\\\\\eng\d
=035  \\$a(OCoLC)733445860
=040  \\$aVaAlASP$cVaAlASP
=100  1\$aKuo,Maggie M.
=245  12$aMeasuring Ascending Aortic Stiffness In Vivo in Mice Using Ultrasound$h[electronic resource]
=260  \\$aCambridge, MA$bMyJoVE Corp$c2016
=300  \\$aonline resource (608 seconds)
=490  0\$aMedicine
=500  \\$aTitle from resource description page
=520  \\$aWe describe a technique for measuring aortic stiffness from its pressure-diameter relationship in vivo in mice. Aortic diameter is recorded by ultrasound and aortic pressure is measured invasively with a solid-state pressure catheter. Blood pressure is changed incrementally and the resulting diameter is measured.
=521  \\$aFor undergraduate, graduate, and professional students
=546  \\$aEnglish
=650  \0$aMedicine
=856  40$uhttps://www.jove.com/video/52200
=945  \\$aThe Whole World

