=LDR  00897ngm a2200000i 4500
=001  JoVEMedicine52156
=008  161201s2016\\\\xx\\\\\g\\\\\\s\\\\\eng\d
=035  \\$a(OCoLC)733445860
=040  \\$aVaAlASP$cVaAlASP
=100  1\$aHuang,Liwei
=245  12$aA Possible Zebrafish Model of Polycystic Kidney Disease: Knockdown of wnt5a Causes Cysts in Zebrafish Kidneys$h[electronic resource]
=260  \\$aCambridge, MA$bMyJoVE Corp$c2016
=300  \\$aonline resource (651 seconds)
=490  0\$aMedicine
=500  \\$aTitle from resource description page
=520  \\$aWe describe a method of generating a possible zebrafish model of polycystic kidney disease. We used Tg(wt1b:GFP) fish to visualize kidney structure. Knockdown of wnt5a was by morpholino injection. Pronephric cyst formation after wnt5a knockdown was observed in this GFP transgenic zebrafish. 
=521  \\$aFor undergraduate, graduate, and professional students
=546  \\$aEnglish
=650  \0$aMedicine
=856  40$uhttps://www.jove.com/video/52156
=945  \\$aThe Whole World

