=LDR  00998ngm a2200000i 4500
=001  JoVEBiology51961
=008  161201s2016\\\\xx\\\\\g\\\\\\s\\\\\eng\d
=035  \\$a(OCoLC)733445860
=040  \\$aVaAlASP$cVaAlASP
=100  1\$aPoelchau,Monica F.
=245  12$aAn Experimental and Bioinformatics Protocol for RNA-seq Analyses of Photoperiodic Diapause in the Asian Tiger Mosquito, Aedes albopictus$h[electronic resource]
=260  \\$aCambridge, MA$bMyJoVE Corp$c2016
=300  \\$aonline resource (730 seconds)
=490  0\$aBiology
=500  \\$aTitle from resource description page
=520  \\$aRNA-Seq analyses are becoming increasingly important for identifying the molecular underpinnings of adaptive traits in non-model organisms. Here, a protocol to identify differentially expressed genes between diapause and non-diapause Aedes albopictus mosquitoes is described, from mosquito rearing, to RNA sequencing and bioinformatics analyses of RNA-Seq data. 
=521  \\$aFor undergraduate, graduate, and professional students
=546  \\$aEnglish
=650  \0$aBiology
=856  40$uhttps://www.jove.com/video/51961
=945  \\$aThe Whole World

