=LDR  00925ngm a2200000i 4500
=001  JoVEMedicine51630
=008  161201s2016\\\\xx\\\\\g\\\\\\s\\\\\eng\d
=035  \\$a(OCoLC)733445860
=040  \\$aVaAlASP$cVaAlASP
=100  1\$aBlueschke,Gert
=245  12$aAutomated Measurement of Microcirculatory Blood Flow Velocity in Pulmonary Metastases of Rats$h[electronic resource]
=260  \\$aCambridge, MA$bMyJoVE Corp$c2016
=300  \\$aonline resource (656 seconds)
=490  0\$aMedicine
=500  \\$aTitle from resource description page
=520  \\$aA method is presented to measure microcirculatory blood flow velocity in pulmonary cancer metastases of the pleural surface in rats in an automated fashion, using closed-chest pulmonary intravital microscopy. This model has potential to be used as a widespread tool to perform physiologic research on pulmonary metastases in rodents.
=521  \\$aFor undergraduate, graduate, and professional students
=546  \\$aEnglish
=650  \0$aMedicine
=856  40$uhttps://www.jove.com/video/51630
=945  \\$aThe Whole World

