=LDR  00917ngm a2200000i 4500
=001  JoVEBiology52203
=008  161201s2016\\\\xx\\\\\g\\\\\\s\\\\\eng\d
=035  \\$a(OCoLC)733445860
=040  \\$aVaAlASP$cVaAlASP
=100  1\$aKudithipudi,Srikanth
=245  12$aSpecificity Analysis of Protein Lysine Methyltransferases Using SPOT Peptide Arrays$h[electronic resource]
=260  \\$aCambridge, MA$bMyJoVE Corp$c2016
=300  \\$aonline resource (528 seconds)
=490  0\$aBiology
=500  \\$aTitle from resource description page
=520  \\$aPeptide arrays synthesized by the SPOT method can be used to analyze the substrate specificity of Protein lysine methyltransferases (PKMTs) and to define the substrate spectrum of PKMTs to understand their biological role. This protocol describes how to synthesize peptide arrays, methylate them with PKMTs, and analyze the results.
=521  \\$aFor undergraduate, graduate, and professional students
=546  \\$aEnglish
=650  \0$aBiology
=856  40$uhttps://www.jove.com/video/52203
=945  \\$aThe Whole World

