=LDR  00854ngm a2200000i 4500
=001  JoVEBiology51937
=008  161201s2016\\\\xx\\\\\g\\\\\\s\\\\\eng\d
=035  \\$a(OCoLC)733445860
=040  \\$aVaAlASP$cVaAlASP
=100  1\$aLivnat Levanon,Nurit
=245  12$aReal Time Measurements of Membrane Protein:Receptor Interactions Using Surface Plasmon Resonance (SPR)$h[electronic resource]
=260  \\$aCambridge, MA$bMyJoVE Corp$c2016
=300  \\$aonline resource (575 seconds)
=490  0\$aBiology
=500  \\$aTitle from resource description page
=520  \\$aSurface Plasmon Resonance (SPR) is a label-free method for detecting bio-molecular interactions in real time. Herein, a protocol for a membrane protein:receptor interaction experiment is described, while discussing the pros and cons of the technique.
=521  \\$aFor undergraduate, graduate, and professional students
=546  \\$aEnglish
=650  \0$aBiology
=856  40$uhttps://www.jove.com/video/51937
=945  \\$aThe Whole World

