=LDR  00964ngm a2200000i 4500
=001  JoVEBiology52053
=008  161201s2016\\\\xx\\\\\g\\\\\\s\\\\\eng\d
=035  \\$a(OCoLC)733445860
=040  \\$aVaAlASP$cVaAlASP
=100  1\$aYue,Minghui
=245  12$aQuick Fluorescent In Situ Hybridization Protocol for Xist RNA Combined with Immunofluorescence of Histone Modification in X-chromosome Inactivation$h[electronic resource]
=260  \\$aCambridge, MA$bMyJoVE Corp$c2016
=300  \\$aonline resource (762 seconds)
=490  0\$aBiology
=500  \\$aTitle from resource description page
=520  \\$aWe developed an easily customized strand-specific fluorescent in situ hybridization (FISH) protocol combined with immunofluorescence. This allows for a detailed examination of RNA dynamics with simultaneous insight into the chromatin structure, nuclear organization, and transcriptional regulation at the single cell level. 
=521  \\$aFor undergraduate, graduate, and professional students
=546  \\$aEnglish
=650  \0$aBiology
=856  40$uhttps://www.jove.com/video/52053
=945  \\$aThe Whole World

