=LDR  00879ngm a2200000i 4500
=001  JoVEBiology51611
=008  161201s2016\\\\xx\\\\\g\\\\\\s\\\\\eng\d
=035  \\$a(OCoLC)733445860
=040  \\$aVaAlASP$cVaAlASP
=100  1\$aHagedoorn,Peter-Leon
=245  12$aEPR Monitored Redox Titration of the Cofactors of Saccharomyces cerevisiae Nar1$h[electronic resource]
=260  \\$aCambridge, MA$bMyJoVE Corp$c2016
=300  \\$aonline resource (361 seconds)
=490  0\$aBiology
=500  \\$aTitle from resource description page
=520  \\$aThe goal of this protocol is to use electron paramagnetic resonance (EPR) monitored redox titrations to identify different cofactors of Saccharomyces cerevisiae Nar1. Redox titrations offer a very robust way to obtain midpoint potentials of different redox active cofactors in enzymes and proteins.
=521  \\$aFor undergraduate, graduate, and professional students
=546  \\$aEnglish
=650  \0$aBiology
=856  40$uhttps://www.jove.com/video/51611
=945  \\$aThe Whole World

