=LDR  00818ngm a2200000i 4500
=001  JoVEMedicine52232
=008  161201s2016\\\\xx\\\\\g\\\\\\s\\\\\eng\d
=035  \\$a(OCoLC)733445860
=040  \\$aVaAlASP$cVaAlASP
=100  1\$aCuddington,Breanne
=245  12$aHandling of the Cotton Rat in Studies for the Pre-clinical Evaluation of Oncolytic Viruses$h[electronic resource]
=260  \\$aCambridge, MA$bMyJoVE Corp$c2016
=300  \\$aonline resource (373 seconds)
=490  0\$aMedicine
=500  \\$aTitle from resource description page
=520  \\$aCotton rats are extremely excitable and have a strong flight-or-fight response. A handling method optimized to reduce the stress of the animals is described which will make cotton rats more accessible as a preclinical model. 
=521  \\$aFor undergraduate, graduate, and professional students
=546  \\$aEnglish
=650  \0$aMedicine
=856  40$uhttps://www.jove.com/video/52232
=945  \\$aThe Whole World

