=LDR  00882ngm a2200000i 4500
=001  JoVEMedicine52172
=008  161201s2016\\\\xx\\\\\g\\\\\\s\\\\\eng\d
=035  \\$a(OCoLC)733445860
=040  \\$aVaAlASP$cVaAlASP
=100  1\$aRobbins,Nathan
=245  12$aIsolation and Excision of Murine Aorta; A Versatile Technique in the Study of Cardiovascular Disease$h[electronic resource]
=260  \\$aCambridge, MA$bMyJoVE Corp$c2016
=300  \\$aonline resource (445 seconds)
=490  0\$aMedicine
=500  \\$aTitle from resource description page
=520  \\$aPathology of the aorta can lead to severe morbidity and mortality, therefore research of disease progression and potential therapies is warranted. Here, we present a protocol to isolate and excise the murine aorta to aid researchers in their investigation of cardiovascular disease. 
=521  \\$aFor undergraduate, graduate, and professional students
=546  \\$aEnglish
=650  \0$aMedicine
=856  40$uhttps://www.jove.com/video/52172
=945  \\$aThe Whole World

