=LDR  00861ngm a2200000i 4500
=001  JoVEMedicine52127
=008  161201s2016\\\\xx\\\\\g\\\\\\s\\\\\eng\d
=035  \\$a(OCoLC)733445860
=040  \\$aVaAlASP$cVaAlASP
=100  1\$aStecher,David
=245  12$aEvaluation of a Novel Laser-assisted Coronary Anastomotic Connector - the Trinity Clip - in a Porcine Off-pump Bypass Model$h[electronic resource]
=260  \\$aCambridge, MA$bMyJoVE Corp$c2016
=300  \\$aonline resource (720 seconds)
=490  0\$aMedicine
=500  \\$aTitle from resource description page
=520  \\$aThis paper describes a novel nonocclusive coronary anastomotic connector in a porcine off-pump coronary artery bypass (OPCAB) model. This easy-to-use coronary connector has intrinsic potential to facilitate minimally invasive OPCAB surgery.
=521  \\$aFor undergraduate, graduate, and professional students
=546  \\$aEnglish
=650  \0$aMedicine
=856  40$uhttps://www.jove.com/video/52127
=945  \\$aThe Whole World

