=LDR  00971ngm a2200000i 4500
=001  JoVEBiology51525
=008  161201s2016\\\\xx\\\\\g\\\\\\s\\\\\eng\d
=035  \\$a(OCoLC)733445860
=040  \\$aVaAlASP$cVaAlASP
=100  1\$aFerber,Shiran
=245  12$aMonitoring Functionality and Morphology of Vasculature Recruited by Factors Secreted by Fast-growing Tumor-generating Cells$h[electronic resource]
=260  \\$aCambridge, MA$bMyJoVE Corp$c2016
=300  \\$aonline resource (543 seconds)
=490  0\$aBiology
=500  \\$aTitle from resource description page
=520  \\$aWe describe a matrigel plug assay to illustrate angiogenic potential of a pool of factors secreted by cancer cells using two complementary imaging modalities, ultrasound and endomicroscopy. The matrigel, an extracellular matrix (ECM)-mimic gel, is utilized to introduce the host (mouse) with angiogenic factors secreted to the conditioned media (C.M.). 
=521  \\$aFor undergraduate, graduate, and professional students
=546  \\$aEnglish
=650  \0$aBiology
=856  40$uhttps://www.jove.com/video/51525
=945  \\$aThe Whole World

