=LDR  00918ngm a2200000i 4500
=001  JoVEBiology52014
=008  161201s2016\\\\xx\\\\\g\\\\\\s\\\\\eng\d
=035  \\$a(OCoLC)733445860
=040  \\$aVaAlASP$cVaAlASP
=100  1\$aHanz,Gisela Maria
=245  12$aSequence-specific Labeling of Nucleic Acids and Proteins with Methyltransferases and Cofactor Analogues$h[electronic resource]
=260  \\$aCambridge, MA$bMyJoVE Corp$c2016
=300  \\$aonline resource (727 seconds)
=490  0\$aBiology
=500  \\$aTitle from resource description page
=520  \\$aDNA and proteins are sequence-specifically labeled with affinity or fluorescent reporter groups using DNA or protein methyltransferases and synthetic cofactor analogues. Depending on the cofactor specificity of the enzymes, aziridine or double activated cofactor analogues are employed for one- or two-step labeling.
=521  \\$aFor undergraduate, graduate, and professional students
=546  \\$aEnglish
=650  \0$aBiology
=856  40$uhttps://www.jove.com/video/52014
=945  \\$aThe Whole World

