=LDR  00764ngm a2200000i 4500
=001  JoVEBiology51989
=008  161201s2016\\\\xx\\\\\g\\\\\\s\\\\\eng\d
=035  \\$a(OCoLC)733445860
=040  \\$aVaAlASP$cVaAlASP
=100  1\$aPaige,Candler
=245  12$aConstruction of an Affordable and Easy-to-Build Zebrafish Facility$h[electronic resource]
=260  \\$aCambridge, MA$bMyJoVE Corp$c2016
=300  \\$aonline resource (739 seconds)
=490  0\$aBiology
=500  \\$aTitle from resource description page
=520  \\$aA Zebrafish facility suitable for breeding and in vivo research is built in an easy and affordable manner. Maintenance is minimal. This facility is ideal for student involvement and independent research.
=521  \\$aFor undergraduate, graduate, and professional students
=546  \\$aEnglish
=650  \0$aBiology
=856  40$uhttps://www.jove.com/video/51989
=945  \\$aThe Whole World

