=LDR  00926ngm a2200000i 4500
=001  JoVEBiology52099
=008  161201s2016\\\\xx\\\\\g\\\\\\s\\\\\eng\d
=035  \\$a(OCoLC)733445860
=040  \\$aVaAlASP$cVaAlASP
=100  1\$aEaton,Samantha L.
=245  12$aA Guide to Modern Quantitative Fluorescent Western Blotting with Troubleshooting Strategies$h[electronic resource]
=260  \\$aCambridge, MA$bMyJoVE Corp$c2016
=300  \\$aonline resource (661 seconds)
=490  0\$aBiology
=500  \\$aTitle from resource description page
=520  \\$aThe advancement of western blotting using fluorescence has allowed detection of subtle changes in protein expression enabling quantitative analyses. Here we describe a robust methodology for detection of a range of proteins across a variety of species and tissue types. A strategy to overcome common technical problems is also provided.
=521  \\$aFor undergraduate, graduate, and professional students
=546  \\$aEnglish
=650  \0$aBiology
=856  40$uhttps://www.jove.com/video/52099
=945  \\$aThe Whole World

