=LDR  00883ngm a2200000i 4500
=001  JoVEBiology52097
=008  161201s2016\\\\xx\\\\\g\\\\\\s\\\\\eng\d
=035  \\$a(OCoLC)733445860
=040  \\$aVaAlASP$cVaAlASP
=100  1\$aAmartely,Hadar
=245  12$aIdentifying Protein-protein Interaction Sites Using Peptide Arrays$h[electronic resource]
=260  \\$aCambridge, MA$bMyJoVE Corp$c2016
=300  \\$aonline resource (464 seconds)
=490  0\$aBiology
=500  \\$aTitle from resource description page
=520  \\$aPeptide array screening is a high throughput assay for identifying protein-protein interaction sites. This allows mapping multiple interactions of a target protein and can serve as a method for identifying sites for inhibitors that target a protein. Here we describe a protocol for screening and analyzing peptide arrays.
=521  \\$aFor undergraduate, graduate, and professional students
=546  \\$aEnglish
=650  \0$aBiology
=856  40$uhttps://www.jove.com/video/52097
=945  \\$aThe Whole World

