=LDR  00859ngm a2200000i 4500
=001  JoVEBiology52095
=008  161201s2016\\\\xx\\\\\g\\\\\\s\\\\\eng\d
=035  \\$a(OCoLC)733445860
=040  \\$aVaAlASP$cVaAlASP
=100  1\$aLee,Jerome E.
=245  12$aHighly Efficient Ligation of Small RNA Molecules for MicroRNA Quantitation by High-Throughput Sequencing$h[electronic resource]
=260  \\$aCambridge, MA$bMyJoVE Corp$c2016
=300  \\$aonline resource (855 seconds)
=490  0\$aBiology
=500  \\$aTitle from resource description page
=520  \\$aMicroRNAs (miRNAs) are a widely conserved class of regulatory molecules. Here we describe a miRNA cloning method that relies upon two potent ligation steps followed by high-throughput sequencing. Our method permits accurate genome-wide quantitation of miRNAs. 
=521  \\$aFor undergraduate, graduate, and professional students
=546  \\$aEnglish
=650  \0$aBiology
=856  40$uhttps://www.jove.com/video/52095
=945  \\$aThe Whole World

