=LDR  00808ngm a2200000i 4500
=001  JoVEBiology51970
=008  161201s2016\\\\xx\\\\\g\\\\\\s\\\\\eng\d
=035  \\$a(OCoLC)733445860
=040  \\$aVaAlASP$cVaAlASP
=100  1\$aFinley,Jennifer K.
=245  12$aManipulating the Murine Lacrimal Gland$h[electronic resource]
=260  \\$aCambridge, MA$bMyJoVE Corp$c2016
=300  \\$aonline resource (356 seconds)
=490  0\$aBiology
=500  \\$aTitle from resource description page
=520  \\$aThe lacrimal gland (LG) is a branching organ that produces the aqueous components of tears necessary for maintaining vision and ocular health. Here we describe murine LG dissection and ex vivo culture techniques to decipher signaling pathways involved in LG development.
=521  \\$aFor undergraduate, graduate, and professional students
=546  \\$aEnglish
=650  \0$aBiology
=856  40$uhttps://www.jove.com/video/51970
=945  \\$aThe Whole World

