=LDR  00904ngm a2200000i 4500
=001  JoVEMedicine52261
=008  161201s2016\\\\xx\\\\\g\\\\\\s\\\\\eng\d
=035  \\$a(OCoLC)733445860
=040  \\$aVaAlASP$cVaAlASP
=100  1\$aLawrenz,Matthew B
=245  12$aIntubation-mediated Intratracheal (IMIT) Instillation: A Noninvasive, Lung-specific Delivery System$h[electronic resource]
=260  \\$aCambridge, MA$bMyJoVE Corp$c2016
=300  \\$aonline resource (480 seconds)
=490  0\$aMedicine
=500  \\$aTitle from resource description page
=520  \\$aIntubation-mediated intratracheal (IMIT) instillation of reagents is an excellent, noninvasive method for studying respiratory disease, as well as a method for instilling therapeutic reagents directly into the lung. It is a rapid and highly reproducible method which is suitable for preclinical testing.
=521  \\$aFor undergraduate, graduate, and professional students
=546  \\$aEnglish
=650  \0$aMedicine
=856  40$uhttps://www.jove.com/video/52261
=945  \\$aThe Whole World

