=LDR  01003ngm a2200000i 4500
=001  JoVEMedicine51900
=008  161201s2016\\\\xx\\\\\g\\\\\\s\\\\\eng\d
=035  \\$a(OCoLC)733445860
=040  \\$aVaAlASP$cVaAlASP
=100  1\$aHarder,Yves
=245  12$aIschemic Tissue Injury in the Dorsal Skinfold Chamber of the Mouse: A Skin Flap Model to Investigate Acute Persistent Ischemia$h[electronic resource]
=260  \\$aCambridge, MA$bMyJoVE Corp$c2016
=300  \\$aonline resource (624 seconds)
=490  0\$aMedicine
=500  \\$aTitle from resource description page
=520  \\$aThe window of the murine dorsal skinfold chamber presented visualizes a zone of acute persistent ischemia of a musculocutaneous flap. Intravital epi-fluorescence microscopy permits for direct and repetitive assessment of the microvasculature and quantification of hemodynamics. Morphologic and hemodynamic results can further be correlated with histological and molecular analyses.
=521  \\$aFor undergraduate, graduate, and professional students
=546  \\$aEnglish
=650  \0$aMedicine
=856  40$uhttps://www.jove.com/video/51900
=945  \\$aThe Whole World

