=LDR  00804ngm a2200000i 4500
=001  JoVEMedicine51830
=008  161201s2016\\\\xx\\\\\g\\\\\\s\\\\\eng\d
=035  \\$a(OCoLC)733445860
=040  \\$aVaAlASP$cVaAlASP
=100  1\$aYin,Xiao-Tang
=245  12$aMurine Corneal Transplantation: A Model to Study the Most Common Form of Solid Organ Transplantation$h[electronic resource]
=260  \\$aCambridge, MA$bMyJoVE Corp$c2016
=300  \\$aonline resource (543 seconds)
=490  0\$aMedicine
=500  \\$aTitle from resource description page
=520  \\$aMice have been used as a model for studying many forms of transplantation, including corneal transplantation.  We describe in this report a murine model for both acute and late-term corneal transplantation.
=521  \\$aFor undergraduate, graduate, and professional students
=546  \\$aEnglish
=650  \0$aMedicine
=856  40$uhttps://www.jove.com/video/51830
=945  \\$aThe Whole World

