=LDR  01005ngm a2200000i 4500
=001  JoVEBiology51743
=008  161201s2016\\\\xx\\\\\g\\\\\\s\\\\\eng\d
=035  \\$a(OCoLC)733445860
=040  \\$aVaAlASP$cVaAlASP
=100  1\$aPhipps,William S.
=245  12$aReduced-gravity Environment Hardware Demonstrations of a Prototype Miniaturized Flow Cytometer and Companion Microfluidic Mixing Technology$h[electronic resource]
=260  \\$aCambridge, MA$bMyJoVE Corp$c2016
=300  \\$aonline resource (840 seconds)
=490  0\$aBiology
=500  \\$aTitle from resource description page
=520  \\$aSpaceflight blood diagnostics need innovation.  Few demonstrations have been published illustrating in-flight, reduced-gravity health diagnostic technology.  Here we present a method for construction and operation of a parabolic flight test rig for a prototype point-of-care flow-cytometry design, with components and preparation strategies adaptable to other setups.
=521  \\$aFor undergraduate, graduate, and professional students
=546  \\$aEnglish
=650  \0$aBiology
=856  40$uhttps://www.jove.com/video/51743
=945  \\$aThe Whole World

