=LDR  00817ngm a2200000i 4500
=001  JoVEBiology52043
=008  161201s2016\\\\xx\\\\\g\\\\\\s\\\\\eng\d
=035  \\$a(OCoLC)733445860
=040  \\$aVaAlASP$cVaAlASP
=100  1\$aGaffney,Christopher J.
=245  12$aMethods to Assess Subcellular Compartments of Muscle in C. elegans$h[electronic resource]
=260  \\$aCambridge, MA$bMyJoVE Corp$c2016
=300  \\$aonline resource (613 seconds)
=490  0\$aBiology
=500  \\$aTitle from resource description page
=520  \\$aSkeletal muscle is essential for locomotion and is the bodies' main protein store. Muscle health measurements within C. elegans are described. Prospective changes to muscle structure and function are assessed using localized GFP and cationic dyes.
=521  \\$aFor undergraduate, graduate, and professional students
=546  \\$aEnglish
=650  \0$aBiology
=856  40$uhttps://www.jove.com/video/52043
=945  \\$aThe Whole World

