=LDR  00705ngm a2200000i 4500
=001  JoVEBiology51943
=008  161201s2016\\\\xx\\\\\g\\\\\\s\\\\\eng\d
=035  \\$a(OCoLC)733445860
=040  \\$aVaAlASP$cVaAlASP
=100  1\$aAvci-Adali,Meltem
=245  12$aIn Vitro Synthesis of Modified mRNA for Induction of Protein Expression in Human Cells$h[electronic resource]
=260  \\$aCambridge, MA$bMyJoVE Corp$c2016
=300  \\$aonline resource (607 seconds)
=490  0\$aBiology
=500  \\$aTitle from resource description page
=520  \\$aIn this video article, we describe the in vitro synthesis of modified mRNA for induction of protein expression in cells.
=521  \\$aFor undergraduate, graduate, and professional students
=546  \\$aEnglish
=650  \0$aBiology
=856  40$uhttps://www.jove.com/video/51943
=945  \\$aThe Whole World

