=LDR  00977ngm a2200000i 4500
=001  JoVEBiology52104
=008  161201s2016\\\\xx\\\\\g\\\\\\s\\\\\eng\d
=035  \\$a(OCoLC)733445860
=040  \\$aVaAlASP$cVaAlASP
=100  1\$aZong,Shan
=245  12$aIdentification of Key Factors Regulating Self-renewal and Differentiation in EML Hematopoietic Precursor Cells by RNA-sequencing Analysis$h[electronic resource]
=260  \\$aCambridge, MA$bMyJoVE Corp$c2016
=300  \\$aonline resource (764 seconds)
=490  0\$aBiology
=500  \\$aTitle from resource description page
=520  \\$aRNA-sequencing and bioinformatics analyses were used to identify significantly and differentially expressed transcription factors in Lin-CD34+ and Lin-CD34- subpopulations of mouse EMLcells. These transcription factors might play important roles in determining the switch between self-renewing Lin-CD34+ and partially differentiated Lin-CD34- cells.
=521  \\$aFor undergraduate, graduate, and professional students
=546  \\$aEnglish
=650  \0$aBiology
=856  40$uhttps://www.jove.com/video/52104
=945  \\$aThe Whole World

