=LDR  00905ngm a2200000i 4500
=001  JoVEBiology52089
=008  161201s2016\\\\xx\\\\\g\\\\\\s\\\\\eng\d
=035  \\$a(OCoLC)733445860
=040  \\$aVaAlASP$cVaAlASP
=100  1\$aJackrel,Meredith E.
=245  12$aIsolating Potentiated Hsp104 Variants Using Yeast Proteinopathy Models$h[electronic resource]
=260  \\$aCambridge, MA$bMyJoVE Corp$c2016
=300  \\$aonline resource (524 seconds)
=490  0\$aBiology
=500  \\$aTitle from resource description page
=520  \\$aYeast proteinopathy models are valuable tools to assess the toxicity and aggregation of proteins implicated in disease. Here, we present methods for screening Hsp104 variant libraries for toxicity suppressors. This protocol could be adapted to screen any protein library for toxicity suppressors of any protein that is toxic in yeast.
=521  \\$aFor undergraduate, graduate, and professional students
=546  \\$aEnglish
=650  \0$aBiology
=856  40$uhttps://www.jove.com/video/52089
=945  \\$aThe Whole World

