=LDR  00859ngm a2200000i 4500
=001  JoVEBiology52037
=008  161201s2016\\\\xx\\\\\g\\\\\\s\\\\\eng\d
=035  \\$a(OCoLC)733445860
=040  \\$aVaAlASP$cVaAlASP
=100  1\$aGombash Lampe,Sara E.
=245  12$aIntravenous Injections in Neonatal Mice$h[electronic resource]
=260  \\$aCambridge, MA$bMyJoVE Corp$c2016
=300  \\$aonline resource (317 seconds)
=490  0\$aBiology
=500  \\$aTitle from resource description page
=520  \\$aAnimal models of pediatric disease can experience early onset and aggressive disease progression. Clinically relevant therapy delivery to young mouse models can be technically difficult. This protocol describes a non-invasive intravenous injection method for newborn mice within the first two postnatal days of life. 
=521  \\$aFor undergraduate, graduate, and professional students
=546  \\$aEnglish
=650  \0$aBiology
=856  40$uhttps://www.jove.com/video/52037
=945  \\$aThe Whole World

