=LDR  00930ngm a2200000i 4500
=001  JoVEMedicine51867
=008  161201s2016\\\\xx\\\\\g\\\\\\s\\\\\eng\d
=035  \\$a(OCoLC)733445860
=040  \\$aVaAlASP$cVaAlASP
=100  1\$aKumar,Abhishek
=245  12$aSubsternal Thyroid Biopsy Using Endobronchial Ultrasound-guided Transbronchial Needle Aspiration$h[electronic resource]
=260  \\$aCambridge, MA$bMyJoVE Corp$c2016
=300  \\$aonline resource (619 seconds)
=490  0\$aMedicine
=500  \\$aTitle from resource description page
=520  \\$aSubsternal thyroid lesions are common, and need to be differentiated from malignancy. Obtaining percutaneous fine needle biopsy is not possible due to its retrosternal location. This article proposes a protocol for biopsy of substernal thyroid lesions using Endobronchial Ultrasound-guided Transbronchial Needle Aspiration (EBUS-TBNA).
=521  \\$aFor undergraduate, graduate, and professional students
=546  \\$aEnglish
=650  \0$aMedicine
=856  40$uhttps://www.jove.com/video/51867
=945  \\$aThe Whole World

