=LDR  00707ngm a2200000i 4500
=001  JoVEBiology52315
=008  161201s2016\\\\xx\\\\\g\\\\\\s\\\\\eng\d
=035  \\$a(OCoLC)733445860
=040  \\$aVaAlASP$cVaAlASP
=100  1\$aTea,Joy S.
=245  12$aDissection and Mounting of Drosophila Pupal Eye Discs$h[electronic resource]
=260  \\$aCambridge, MA$bMyJoVE Corp$c2016
=300  \\$aonline resource (468 seconds)
=490  0\$aBiology
=500  \\$aTitle from resource description page
=520  \\$aThe goal of this technique is to enable researchers to perform dissection, immunostaining and mounting of pupal eye discs from Drosophila melanogaster of any age.
=521  \\$aFor undergraduate, graduate, and professional students
=546  \\$aEnglish
=650  \0$aBiology
=856  40$uhttps://www.jove.com/video/52315
=945  \\$aThe Whole World

