=LDR  00934ngm a2200000i 4500
=001  JoVEMedicine51949
=008  161201s2016\\\\xx\\\\\g\\\\\\s\\\\\eng\d
=035  \\$a(OCoLC)733445860
=040  \\$aVaAlASP$cVaAlASP
=100  1\$aAttik,Ghania Nina
=245  12$aConfocal Time Lapse Imaging as an Efficient Method for the Cytocompatibility Evaluation of Dental Composites$h[electronic resource]
=260  \\$aCambridge, MA$bMyJoVE Corp$c2016
=300  \\$aonline resource (424 seconds)
=490  0\$aMedicine
=500  \\$aTitle from resource description page
=520  \\$aThe most studied aspect of the biocompatibility of dental composites is their cytotoxicity 3D CLSM time lapse imaging combined with fluorescent signal quantification allows sensitive evaluation of the cell fate over time. Utilizing this method could be an efficient tool to assess the cytocompatibility of dental composites.
=521  \\$aFor undergraduate, graduate, and professional students
=546  \\$aEnglish
=650  \0$aMedicine
=856  40$uhttps://www.jove.com/video/51949
=945  \\$aThe Whole World

