=LDR  00877ngm a2200000i 4500
=001  JoVEBiology52063
=008  161201s2016\\\\xx\\\\\g\\\\\\s\\\\\eng\d
=035  \\$a(OCoLC)733445860
=040  \\$aVaAlASP$cVaAlASP
=100  1\$aPoureetezadi,Shahram Jevin
=245  12$aA Manual Small Molecule Screen Approaching High-throughput Using Zebrafish Embryos$h[electronic resource]
=260  \\$aCambridge, MA$bMyJoVE Corp$c2016
=300  \\$aonline resource (465 seconds)
=490  0\$aBiology
=500  \\$aTitle from resource description page
=520  \\$aThe zebrafish is an excellent experimental organism to study vertebrate developmental processes and model human disease. Here, we describe a protocol on how to perform a manual high-throughput chemical screen in zebrafish embryos with a whole-mount in situ hybridization (WISH) read-out.
=521  \\$aFor undergraduate, graduate, and professional students
=546  \\$aEnglish
=650  \0$aBiology
=856  40$uhttps://www.jove.com/video/52063
=945  \\$aThe Whole World

