=LDR  00983ngm a2200000i 4500
=001  JoVEBiology51926
=008  161201s2016\\\\xx\\\\\g\\\\\\s\\\\\eng\d
=035  \\$a(OCoLC)733445860
=040  \\$aVaAlASP$cVaAlASP
=100  1\$aEspina,Virginia
=245  12$aNon-enzymatic, Serum-free Tissue Culture of Pre-invasive Breast Lesions for Spontaneous Generation of Mammospheres$h[electronic resource]
=260  \\$aCambridge, MA$bMyJoVE Corp$c2016
=300  \\$aonline resource (589 seconds)
=490  0\$aBiology
=500  \\$aTitle from resource description page
=520  \\$aPrimary cell culture using intact tissue organoids provides a model system that mimics the multi-cellular in vivo microenvironment. We developed a serum-free primary breast epithelium tissue culture model that perpetuates mixed cell culture lineages and exhibits differentiated morphology, without enzymatic tissue disruption. Breast organoids remain viable for >6 months.
=521  \\$aFor undergraduate, graduate, and professional students
=546  \\$aEnglish
=650  \0$aBiology
=856  40$uhttps://www.jove.com/video/51926
=945  \\$aThe Whole World

