=LDR  00922ngm a2200000i 4500
=001  JoVEMedicine51941
=008  161201s2016\\\\xx\\\\\g\\\\\\s\\\\\eng\d
=035  \\$a(OCoLC)733445860
=040  \\$aVaAlASP$cVaAlASP
=100  1\$aHsiao,Ching-Wen
=245  12$aReal-time Cytotoxicity Assays in Human Whole Blood$h[electronic resource]
=260  \\$aCambridge, MA$bMyJoVE Corp$c2016
=300  \\$aonline resource (507 seconds)
=490  0\$aMedicine
=500  \\$aTitle from resource description page
=520  \\$aThe whole blood cytotoxicity assay (WCA) is a cytotoxicity assay developed by incorporating high-throughput cell positioning technology with fluorescence microscopy and automated image processing. Here, we describe how lymphoma cells treated with an anti-CD20 antibody can be analyzed real-time in human whole blood to provide quantitative cellular cytotoxicity analysis. 
=521  \\$aFor undergraduate, graduate, and professional students
=546  \\$aEnglish
=650  \0$aMedicine
=856  40$uhttps://www.jove.com/video/51941
=945  \\$aThe Whole World

