=LDR  00777ngm a2200000i 4500
=001  JoVEMedicine51878
=008  161201s2016\\\\xx\\\\\g\\\\\\s\\\\\eng\d
=035  \\$a(OCoLC)733445860
=040  \\$aVaAlASP$cVaAlASP
=100  1\$aItem-Glatthorn,Julia F.
=245  12$aClinical Assessment of Spatiotemporal Gait Parameters in Patients and Older Adults$h[electronic resource]
=260  \\$aCambridge, MA$bMyJoVE Corp$c2016
=300  \\$aonline resource (536 seconds)
=490  0\$aMedicine
=500  \\$aTitle from resource description page
=520  \\$aThis protocol is used to evaluate spatial and temporal gait variables of neurological/orthopedic patients and older persons by means of a recently-introduced floor-based photocell system.
=521  \\$aFor undergraduate, graduate, and professional students
=546  \\$aEnglish
=650  \0$aMedicine
=856  40$uhttps://www.jove.com/video/51878
=945  \\$aThe Whole World

