=LDR  00813ngm a2200000i 4500
=001  JoVEBiology52062
=008  161201s2016\\\\xx\\\\\g\\\\\\s\\\\\eng\d
=035  \\$a(OCoLC)733445860
=040  \\$aVaAlASP$cVaAlASP
=100  1\$aKennedy,Allyson E.
=245  12$aQuantification of Orofacial Phenotypes in Xenopus$h[electronic resource]
=260  \\$aCambridge, MA$bMyJoVE Corp$c2016
=300  \\$aonline resource (566 seconds)
=490  0\$aBiology
=500  \\$aTitle from resource description page
=520  \\$aA method to quantify the orofacial size and shape of Xenopus laevis embryos has been developed. In this protocol, traditional size measurements are combined with geometric morphometrics to allow for more sophisticated analyses of orofacial development and defects.
=521  \\$aFor undergraduate, graduate, and professional students
=546  \\$aEnglish
=650  \0$aBiology
=856  40$uhttps://www.jove.com/video/52062
=945  \\$aThe Whole World

