=LDR  00889ngm a2200000i 4500
=001  JoVEBiology52021
=008  161201s2016\\\\xx\\\\\g\\\\\\s\\\\\eng\d
=035  \\$a(OCoLC)733445860
=040  \\$aVaAlASP$cVaAlASP
=100  1\$aCohen,Itamar
=245  12$aReporter-based Growth Assay for Systematic Analysis of Protein Degradation$h[electronic resource]
=260  \\$aCambridge, MA$bMyJoVE Corp$c2016
=300  \\$aonline resource (467 seconds)
=490  0\$aBiology
=500  \\$aTitle from resource description page
=520  \\$aHere we describe a robust biological assay for quantifying the relative rate of proteolysis by the ubiquitin-proteasome system. The assay readout is yeast growth rate in liquid culture, which is dependent on the cellular levels of a reporter protein comprising a degradation signal fused to an essential metabolic marker.
=521  \\$aFor undergraduate, graduate, and professional students
=546  \\$aEnglish
=650  \0$aBiology
=856  40$uhttps://www.jove.com/video/52021
=945  \\$aThe Whole World

