=LDR  00919ngm a2200000i 4500
=001  JoVEBiology52026
=008  161201s2016\\\\xx\\\\\g\\\\\\s\\\\\eng\d
=035  \\$a(OCoLC)733445860
=040  \\$aVaAlASP$cVaAlASP
=100  1\$aBas,Tuba
=245  12$aReal Time Analysis of Metabolic Profile in Ex Vivo Mouse Intestinal Crypt Organoid Cultures$h[electronic resource]
=260  \\$aCambridge, MA$bMyJoVE Corp$c2016
=300  \\$aonline resource (533 seconds)
=490  0\$aBiology
=500  \\$aTitle from resource description page
=520  \\$aSmall intestinal crypt organoids cultured ex vivo provide a tissue culture system that recapitulates growth of crypts dependent on stem cells and their niche. We established a method to assay the metabolic profile in real time in primary mouse crypt organoids. We found organoids maintain physiological properties defined by their source.
=521  \\$aFor undergraduate, graduate, and professional students
=546  \\$aEnglish
=650  \0$aBiology
=856  40$uhttps://www.jove.com/video/52026
=945  \\$aThe Whole World

