=LDR  00939ngm a2200000i 4500
=001  JoVEBiology51618
=008  161201s2016\\\\xx\\\\\g\\\\\\s\\\\\eng\d
=035  \\$a(OCoLC)733445860
=040  \\$aVaAlASP$cVaAlASP
=100  1\$aGarb,Jessica E.
=245  12$aExtraction of Venom and Venom Gland Microdissections from Spiders for Proteomic and Transcriptomic Analyses$h[electronic resource]
=260  \\$aCambridge, MA$bMyJoVE Corp$c2016
=300  \\$aonline resource (625 seconds)
=490  0\$aBiology
=500  \\$aTitle from resource description page
=520  \\$aThis article provides a protocol for the extraction of venom from spiders using electrical stimulation in order to 1) conduct proteomic characterization, 2) stimulate venom gland gene expression, and 3) perform functional studies of venoms. This is followed by a description of venom gland microdissections for gene expression studies.
=521  \\$aFor undergraduate, graduate, and professional students
=546  \\$aEnglish
=650  \0$aBiology
=856  40$uhttps://www.jove.com/video/51618
=945  \\$aThe Whole World

