=LDR  00840ngm a2200000i 4500
=001  JoVEMedicine51815
=008  161201s2016\\\\xx\\\\\g\\\\\\s\\\\\eng\d
=035  \\$a(OCoLC)733445860
=040  \\$aVaAlASP$cVaAlASP
=100  1\$aSumi,Natalia J.
=245  12$aMurine Model for Non-invasive Imaging to Detect and Monitor Ovarian Cancer Recurrence$h[electronic resource]
=260  \\$aCambridge, MA$bMyJoVE Corp$c2016
=300  \\$aonline resource (535 seconds)
=490  0\$aMedicine
=500  \\$aTitle from resource description page
=520  \\$aWe describe a non-invasive animal imaging platform that allows the detection, quantification, and monitoring of ovarian cancer growth and recurrence. This intra-peritoneal xenograft model mimics the clinical profile of patients with ovarian cancer.       
=521  \\$aFor undergraduate, graduate, and professional students
=546  \\$aEnglish
=650  \0$aMedicine
=856  40$uhttps://www.jove.com/video/51815
=945  \\$aThe Whole World

