=LDR  00892ngm a2200000i 4500
=001  JoVEBiology51934
=008  161201s2016\\\\xx\\\\\g\\\\\\s\\\\\eng\d
=035  \\$a(OCoLC)733445860
=040  \\$aVaAlASP$cVaAlASP
=100  1\$aCaguiat,Jonathan James
=245  12$aGeneration of Enterobacter sp. YSU Auxotrophs Using Transposon Mutagenesis$h[electronic resource]
=260  \\$aCambridge, MA$bMyJoVE Corp$c2016
=300  \\$aonline resource (811 seconds)
=490  0\$aBiology
=500  \\$aTitle from resource description page
=520  \\$aEnterobacter sp. YSU grows in glucose minimal salts medium. Auxotrophs are generated by transforming it with a transposome which randomly inserts itself into the host genome. Mutants are found by replica plating from complex medium to minimal medium. Interrupted genes are identified by gene rescue and sequencing.
=521  \\$aFor undergraduate, graduate, and professional students
=546  \\$aEnglish
=650  \0$aBiology
=856  40$uhttps://www.jove.com/video/51934
=945  \\$aThe Whole World

