=LDR  00885ngm a2200000i 4500
=001  JoVEMedicine52106
=008  161201s2016\\\\xx\\\\\g\\\\\\s\\\\\eng\d
=035  \\$a(OCoLC)733445860
=040  \\$aVaAlASP$cVaAlASP
=100  1\$aPerry,Troy
=245  12$aMurine Ileocolic Bowel Resection with Primary Anastomosis$h[electronic resource]
=260  \\$aCambridge, MA$bMyJoVE Corp$c2016
=300  \\$aonline resource (529 seconds)
=490  0\$aMedicine
=500  \\$aTitle from resource description page
=520  \\$aIleocolic resection is commonly performed in several human diseases; however, little is known regarding the impact of intestinal resection on surgical illnesses. This article provides instruction on executing the procedure in mice with high success, providing a means to study the effects of ileocolic resection in models of disease.
=521  \\$aFor undergraduate, graduate, and professional students
=546  \\$aEnglish
=650  \0$aMedicine
=856  40$uhttps://www.jove.com/video/52106
=945  \\$aThe Whole World

