=LDR  00904ngm a2200000i 4500
=001  JoVEBiology52295
=008  161201s2016\\\\xx\\\\\g\\\\\\s\\\\\eng\d
=035  \\$a(OCoLC)733445860
=040  \\$aVaAlASP$cVaAlASP
=100  1\$aFaye,Mame Daro
=245  12$aAssessment of Selective mRNA Translation in Mammalian Cells by Polysome Profiling$h[electronic resource]
=260  \\$aCambridge, MA$bMyJoVE Corp$c2016
=300  \\$aonline resource (600 seconds)
=490  0\$aBiology
=500  \\$aTitle from resource description page
=520  \\$aThe ability of cells to adapt to stress is crucial for their survival. Regulation of mRNA translation is one such adaptation strategy, providing for rapid regulation of the proteome. Here, we provide a standardized polysome profiling protocol to identify specific mRNAs that are selectively translated under stress conditions. 
=521  \\$aFor undergraduate, graduate, and professional students
=546  \\$aEnglish
=650  \0$aBiology
=856  40$uhttps://www.jove.com/video/52295
=945  \\$aThe Whole World

