=LDR  00756ngm a2200000i 4500
=001  JoVEBiology52009
=008  161201s2016\\\\xx\\\\\g\\\\\\s\\\\\eng\d
=035  \\$a(OCoLC)733445860
=040  \\$aVaAlASP$cVaAlASP
=100  1\$aHubbard,Jesse J.
=245  12$aEfficient iPS Cell Generation from Blood Using Episomes and HDAC Inhibitors$h[electronic resource]
=260  \\$aCambridge, MA$bMyJoVE Corp$c2016
=300  \\$aonline resource (494 seconds)
=490  0\$aBiology
=500  \\$aTitle from resource description page
=520  \\$aHere we describe a protocol for generating human induced pluripotent stem cells from peripheral blood using an episome based reprogramming strategy and histone deacetylase inhibitors.
=521  \\$aFor undergraduate, graduate, and professional students
=546  \\$aEnglish
=650  \0$aBiology
=856  40$uhttps://www.jove.com/video/52009
=945  \\$aThe Whole World

