=LDR  00897ngm a2200000i 4500
=001  JoVEBiology51857
=008  161201s2016\\\\xx\\\\\g\\\\\\s\\\\\eng\d
=035  \\$a(OCoLC)733445860
=040  \\$aVaAlASP$cVaAlASP
=100  1\$aLee,Wing-Kee
=245  12$aCytosolic Calcium Measurements in Renal Epithelial Cells by Flow Cytometry$h[electronic resource]
=260  \\$aCambridge, MA$bMyJoVE Corp$c2016
=300  \\$aonline resource (624 seconds)
=490  0\$aBiology
=500  \\$aTitle from resource description page
=520  \\$aCalcium is involved in numerous physiological and pathophysiological signaling pathways. Live cell imaging requires specialized equipment and can be time consuming. A quick, simple method using a flow cytometer to determine relative changes in cytosolic calcium in adherent epithelial cells brought into suspension was optimized.
=521  \\$aFor undergraduate, graduate, and professional students
=546  \\$aEnglish
=650  \0$aBiology
=856  40$uhttps://www.jove.com/video/51857
=945  \\$aThe Whole World

