=LDR  00755ngm a2200000i 4500
=001  JoVEMedicine51917
=008  161201s2016\\\\xx\\\\\g\\\\\\s\\\\\eng\d
=035  \\$a(OCoLC)733445860
=040  \\$aVaAlASP$cVaAlASP
=100  1\$aJacobs,Joely D.
=245  12$aCarotid Artery Infusions for Pharmacokinetic and Pharmacodynamic Analysis of Taxanes in Mice$h[electronic resource]
=260  \\$aCambridge, MA$bMyJoVE Corp$c2016
=300  \\$aonline resource (521 seconds)
=490  0\$aMedicine
=500  \\$aTitle from resource description page
=520  \\$aThis method was developed with the goal of delivering a steady drug solution via the carotid artery, to assess the pharmacokinetics of novel drugs in mouse models.
=521  \\$aFor undergraduate, graduate, and professional students
=546  \\$aEnglish
=650  \0$aMedicine
=856  40$uhttps://www.jove.com/video/51917
=945  \\$aThe Whole World

