=LDR  00921ngm a2200000i 4500
=001  JoVEMedicine51638
=008  161201s2016\\\\xx\\\\\g\\\\\\s\\\\\eng\d
=035  \\$a(OCoLC)733445860
=040  \\$aVaAlASP$cVaAlASP
=100  1\$aOmar,Ayman I.
=245  12$aTumor Treating Field Therapy in Combination with Bevacizumab for the Treatment of Recurrent Glioblastoma$h[electronic resource]
=260  \\$aCambridge, MA$bMyJoVE Corp$c2016
=300  \\$aonline resource (375 seconds)
=490  0\$aMedicine
=500  \\$aTitle from resource description page
=520  \\$aA novel methodology that is employed for the treatment of recurrent glioblastomas is described. This treatment approach employs the application of alternating electric tumor treating fields (TTFields), known as TTF Therapy in combination with bevacizumab, a targeted agent that is currently FDA approved as monotherapy.
=521  \\$aFor undergraduate, graduate, and professional students
=546  \\$aEnglish
=650  \0$aMedicine
=856  40$uhttps://www.jove.com/video/51638
=945  \\$aThe Whole World

