=LDR  00819ngm a2200000i 4500
=001  JoVEMedicine51870
=008  161201s2016\\\\xx\\\\\g\\\\\\s\\\\\eng\d
=035  \\$a(OCoLC)733445860
=040  \\$aVaAlASP$cVaAlASP
=100  1\$aDossi,Elena
=245  12$aMulti-electrode Array Recordings of Human Epileptic Postoperative Cortical Tissue$h[electronic resource]
=260  \\$aCambridge, MA$bMyJoVE Corp$c2016
=300  \\$aonline resource (794 seconds)
=490  0\$aMedicine
=500  \\$aTitle from resource description page
=520  \\$aWe here describe how to perform multi-electrode array recordings of human epileptic cortical tissue. Epileptic tissue resection, slice preparation and multi-electrode array recordings of interictal and ictal events are demonstrated in detail.
=521  \\$aFor undergraduate, graduate, and professional students
=546  \\$aEnglish
=650  \0$aMedicine
=856  40$uhttps://www.jove.com/video/51870
=945  \\$aThe Whole World

