=LDR  00921ngm a2200000i 4500
=001  JoVEBiology51720
=008  161201s2016\\\\xx\\\\\g\\\\\\s\\\\\eng\d
=035  \\$a(OCoLC)733445860
=040  \\$aVaAlASP$cVaAlASP
=100  1\$aChen,Lu
=245  12$aGeneration and Purification of Human INO80 Chromatin Remodeling Complexes and Subcomplexes$h[electronic resource]
=260  \\$aCambridge, MA$bMyJoVE Corp$c2016
=300  \\$aonline resource (524 seconds)
=490  0\$aBiology
=500  \\$aTitle from resource description page
=520  \\$aThis protocol describes a procedure for generating and purifying wild type and mutant versions of the human INO80 chromatin remodeling complex. Epitope tagged versions of INO80 subunits are stably expressed in HEK293 cells, and complete complexes and complexes lacking specific sets of subunits are purified by immunoaffinity chromatography. 
=521  \\$aFor undergraduate, graduate, and professional students
=546  \\$aEnglish
=650  \0$aBiology
=856  40$uhttps://www.jove.com/video/51720
=945  \\$aThe Whole World

