=LDR  00977ngm a2200000i 4500
=001  JoVEMedicine52070
=008  161201s2016\\\\xx\\\\\g\\\\\\s\\\\\eng\d
=035  \\$a(OCoLC)733445860
=040  \\$aVaAlASP$cVaAlASP
=100  1\$aAlley,Hugh
=245  12$aUltrasound Assessment of Endothelial-Dependent Flow-Mediated Vasodilation of the Brachial Artery in Clinical Research$h[electronic resource]
=260  \\$aCambridge, MA$bMyJoVE Corp$c2016
=300  \\$aonline resource (522 seconds)
=490  0\$aMedicine
=500  \\$aTitle from resource description page
=520  \\$aEndothelial dysfunction is associated with numerous disease states and is predictive of adverse cardiovascular events in humans. Flow-mediated vasodilation (FMD) is a non-invasive ultrasound method of evaluating endothelial function. Methodological choices and operator experience may affect results. A systematic approach to FMD in human studies is discussed here.
=521  \\$aFor undergraduate, graduate, and professional students
=546  \\$aEnglish
=650  \0$aMedicine
=856  40$uhttps://www.jove.com/video/52070
=945  \\$aThe Whole World

