=LDR  00933ngm a2200000i 4500
=001  JoVEMedicine51904
=008  161201s2016\\\\xx\\\\\g\\\\\\s\\\\\eng\d
=035  \\$a(OCoLC)733445860
=040  \\$aVaAlASP$cVaAlASP
=100  1\$aDe Boever,Patrick
=245  12$aFundus Photography as a Convenient Tool to Study Microvascular Responses to Cardiovascular Disease Risk Factors in Epidemiological Studies$h[electronic resource]
=260  \\$aCambridge, MA$bMyJoVE Corp$c2016
=300  \\$aonline resource (611 seconds)
=490  0\$aMedicine
=500  \\$aTitle from resource description page
=520  \\$aRetinal image analysis is an unobtrusive procedure for visualizing the microcirculation. The impact of cardiovascular disease risk factors can result in changes of retinal vessel calibers. The procedures to acquire fundus images and the steps for calculating the vessel calibers are described.
=521  \\$aFor undergraduate, graduate, and professional students
=546  \\$aEnglish
=650  \0$aMedicine
=856  40$uhttps://www.jove.com/video/51904
=945  \\$aThe Whole World

