=LDR  00986ngm a2200000i 4500
=001  JoVEBiology52022
=008  161201s2016\\\\xx\\\\\g\\\\\\s\\\\\eng\d
=035  \\$a(OCoLC)733445860
=040  \\$aVaAlASP$cVaAlASP
=100  1\$aBikorimana,Emmanuel
=245  12$aRetroviral Infection of Murine Embryonic Stem Cell Derived Embryoid Body Cells for Analysis of Hematopoietic Differentiation$h[electronic resource]
=260  \\$aCambridge, MA$bMyJoVE Corp$c2016
=300  \\$aonline resource (700 seconds)
=490  0\$aBiology
=500  \\$aTitle from resource description page
=520  \\$aManipulating temporal gene expression in differentiating embryonic stem cells (ESCs) can be achieved using inducible gene systems. However, generation of these cell lines is costly and time consuming. This protocol achieves rapid expression of a transgene in differentiating ES-derived cells and subsequent analysis of downstream hematopoietic differentiation. 
=521  \\$aFor undergraduate, graduate, and professional students
=546  \\$aEnglish
=650  \0$aBiology
=856  40$uhttps://www.jove.com/video/52022
=945  \\$aThe Whole World

