=LDR  00996ngm a2200000i 4500
=001  JoVEBiology51909
=008  161201s2016\\\\xx\\\\\g\\\\\\s\\\\\eng\d
=035  \\$a(OCoLC)733445860
=040  \\$aVaAlASP$cVaAlASP
=100  1\$aMaurer,Ellinor
=245  12$aMethylnitrosourea (MNU)-induced Retinal Degeneration and Regeneration in the Zebrafish: Histological and Functional Characteristics$h[electronic resource]
=260  \\$aCambridge, MA$bMyJoVE Corp$c2016
=300  \\$aonline resource (533 seconds)
=490  0\$aBiology
=500  \\$aTitle from resource description page
=520  \\$aHerein we demonstrate quantification of retinal de- and regeneration and its impact on visual function using N-methyl-N-nitrosourea in the adult zebrafish. Loss of visual acuity and decreased photoreceptor numbers were followed by proliferation in the inner nuclear layer. Complete morphological and functional regeneration occurred 30 days after the initial treatment.
=521  \\$aFor undergraduate, graduate, and professional students
=546  \\$aEnglish
=650  \0$aBiology
=856  40$uhttps://www.jove.com/video/51909
=945  \\$aThe Whole World

