=LDR  00989ngm a2200000i 4500
=001  JoVEBiology51805
=008  161201s2016\\\\xx\\\\\g\\\\\\s\\\\\eng\d
=035  \\$a(OCoLC)733445860
=040  \\$aVaAlASP$cVaAlASP
=100  1\$aSoohoo,Amanda L.
=245  12$aVisualizing Clathrin-mediated Endocytosis of G Protein-coupled Receptors at Single-event Resolution via TIRF Microscopy$h[electronic resource]
=260  \\$aCambridge, MA$bMyJoVE Corp$c2016
=300  \\$aonline resource (760 seconds)
=490  0\$aBiology
=500  \\$aTitle from resource description page
=520  \\$aClathrin-mediated endocytosis, a rapid and highly dynamic process internalizes many proteins, including signaling receptors. The protocol described here directly visualizes the kinetics of individual endocytic events. This is essential for understanding how core members of the endocytic machinery coordinate with each other, and how protein cargo influence this process. 
=521  \\$aFor undergraduate, graduate, and professional students
=546  \\$aEnglish
=650  \0$aBiology
=856  40$uhttps://www.jove.com/video/51805
=945  \\$aThe Whole World

