=LDR  00999ngm a2200000i 4500
=001  JoVEMedicine51942
=008  161201s2016\\\\xx\\\\\g\\\\\\s\\\\\eng\d
=035  \\$a(OCoLC)733445860
=040  \\$aVaAlASP$cVaAlASP
=100  1\$aApollonio,Benedetta
=245  12$aFrom a 2DE-Gel Spot to Protein Function: Lesson Learned From HS1 in Chronic Lymphocytic Leukemia$h[electronic resource]
=260  \\$aCambridge, MA$bMyJoVE Corp$c2016
=300  \\$aonline resource (618 seconds)
=490  0\$aMedicine
=500  \\$aTitle from resource description page
=520  \\$aHere we describe a protocol that couples two proteomic techniques, namely 2-dimensional Electrophoresis (2DE) and Mass Spectrometry (MS), to identify differentially expressed/post-translational modified proteins among two or more groups of primary samples. This approach, together with functional experiments, allows the identification and characterization of prognostic markers/therapeutic targets.
=521  \\$aFor undergraduate, graduate, and professional students
=546  \\$aEnglish
=650  \0$aMedicine
=856  40$uhttps://www.jove.com/video/51942
=945  \\$aThe Whole World

