=LDR  00843ngm a2200000i 4500
=001  JoVEBiology51710
=008  161201s2016\\\\xx\\\\\g\\\\\\s\\\\\eng\d
=035  \\$a(OCoLC)733445860
=040  \\$aVaAlASP$cVaAlASP
=100  1\$aGeletu,Mulu
=245  12$aA Functional Assay for Gap Junctional Examination; Electroporation of Adherent Cells on Indium-Tin Oxide$h[electronic resource]
=260  \\$aCambridge, MA$bMyJoVE Corp$c2016
=300  \\$aonline resource (662 seconds)
=490  0\$aBiology
=500  \\$aTitle from resource description page
=520  \\$aThis presentation demonstrates a method whereby electroporation of adherent, cultured cells is used for the study of intercellular, junctional communication, while the cells grow on a slide coated with conductive and transparent indium-tin oxide.
=521  \\$aFor undergraduate, graduate, and professional students
=546  \\$aEnglish
=650  \0$aBiology
=856  40$uhttps://www.jove.com/video/51710
=945  \\$aThe Whole World

