=LDR  00916ngm a2200000i 4500
=001  JoVEBiology51897
=008  161201s2016\\\\xx\\\\\g\\\\\\s\\\\\eng\d
=035  \\$a(OCoLC)733445860
=040  \\$aVaAlASP$cVaAlASP
=100  1\$aPortolano,Nicola
=245  12$aRecombinant Protein Expression for Structural Biology in HEK 293F Suspension Cells: A Novel and Accessible Approach$h[electronic resource]
=260  \\$aCambridge, MA$bMyJoVE Corp$c2016
=300  \\$aonline resource (680 seconds)
=490  0\$aBiology
=500  \\$aTitle from resource description page
=520  \\$aThe expression of recombinant proteins by mammalian systems is becoming an attractive method for producing protein complexes for structural biology. Here we present a simple yet highly efficient expression system using suspension grown mammalian cells to purify protein complexes for structural studies.
=521  \\$aFor undergraduate, graduate, and professional students
=546  \\$aEnglish
=650  \0$aBiology
=856  40$uhttps://www.jove.com/video/51897
=945  \\$aThe Whole World

