=LDR  01006ngm a2200000i 4500
=001  JoVEBiology51850
=008  161201s2016\\\\xx\\\\\g\\\\\\s\\\\\eng\d
=035  \\$a(OCoLC)733445860
=040  \\$aVaAlASP$cVaAlASP
=100  1\$aPatterson,Melissa N.
=245  12$aCombining Magnetic Sorting of Mother Cells and Fluctuation Tests to Analyze Genome Instability During Mitotic Cell Aging in Saccharomyces cerevisiae$h[electronic resource]
=260  \\$aCambridge, MA$bMyJoVE Corp$c2016
=300  \\$aonline resource (668 seconds)
=490  0\$aBiology
=500  \\$aTitle from resource description page
=520  \\$aMutation rates in young Saccharomyces cerevisiae cells measured through fluctuation tests are used to predict mutation frequencies for mother cells of different replicative ages. Magnetic sorting and flow cytometry are then used to measure actual mutation frequencies and age of mother cells to identify any deviations from predicted mutation frequencies. 
=521  \\$aFor undergraduate, graduate, and professional students
=546  \\$aEnglish
=650  \0$aBiology
=856  40$uhttps://www.jove.com/video/51850
=945  \\$aThe Whole World

