=LDR  00995ngm a2200000i 4500
=001  JoVEMedicine51612
=008  161201s2016\\\\xx\\\\\g\\\\\\s\\\\\eng\d
=035  \\$a(OCoLC)733445860
=040  \\$aVaAlASP$cVaAlASP
=100  1\$aBernthal,Nicholas M.
=245  12$aCombined In vivo Optical and µCT Imaging to Monitor Infection, Inflammation, and Bone Anatomy in an Orthopaedic Implant Infection in Mice$h[electronic resource]
=260  \\$aCambridge, MA$bMyJoVE Corp$c2016
=300  \\$aonline resource (1120 seconds)
=490  0\$aMedicine
=500  \\$aTitle from resource description page
=520  \\$aCombined optical and μCT imaging in a mouse model of orthopaedic implant infection, utilizing a bioluminescent engineered strain of Staphylococcus aureus, provided the capability to noninvasively and longitudinally monitor the dynamics of the bacterial infection, as well as the corresponding inflammatory response and anatomical changes in the bone.
=521  \\$aFor undergraduate, graduate, and professional students
=546  \\$aEnglish
=650  \0$aMedicine
=856  40$uhttps://www.jove.com/video/51612
=945  \\$aThe Whole World

