=LDR  00912ngm a2200000i 4500
=001  JoVEBiology52059
=008  161201s2016\\\\xx\\\\\g\\\\\\s\\\\\eng\d
=035  \\$a(OCoLC)733445860
=040  \\$aVaAlASP$cVaAlASP
=100  1\$aLinz,David M.
=245  12$aLarval RNA Interference in the Red Flour Beetle, Tribolium castaneum$h[electronic resource]
=260  \\$aCambridge, MA$bMyJoVE Corp$c2016
=300  \\$aonline resource (660 seconds)
=490  0\$aBiology
=500  \\$aTitle from resource description page
=520  \\$aRNA interference (RNAi)-based gene knockdown techniques are at the core of Tribolium research. Here, we provide an overview of our larval RNAi technique in Tribolium castaneum. Larval RNAi is a simple, but powerful technique that provides quick access to loss-of-function phenotypes, allowing researchers to study gene functions in diverse contexts.
=521  \\$aFor undergraduate, graduate, and professional students
=546  \\$aEnglish
=650  \0$aBiology
=856  40$uhttps://www.jove.com/video/52059
=945  \\$aThe Whole World

