=LDR  00981ngm a2200000i 4500
=001  JoVEBiology51844
=008  161201s2016\\\\xx\\\\\g\\\\\\s\\\\\eng\d
=035  \\$a(OCoLC)733445860
=040  \\$aVaAlASP$cVaAlASP
=100  1\$aBobik,Krzysztof
=245  12$aTandem High-pressure Freezing and Quick Freeze Substitution of Plant Tissues for Transmission Electron Microscopy$h[electronic resource]
=260  \\$aCambridge, MA$bMyJoVE Corp$c2016
=300  \\$aonline resource (772 seconds)
=490  0\$aBiology
=500  \\$aTitle from resource description page
=520  \\$aObtaining high-quality transmission electron microscopy images is challenging, especially in the case of plant cells, which have abundant large water-filled vacuoles and aerated spaces. Tandem high-pressure freezing and quick freeze substitution greatly reduce preparation time of plant samples for TEM while producing samples with excellent ultrastructural preservation.
=521  \\$aFor undergraduate, graduate, and professional students
=546  \\$aEnglish
=650  \0$aBiology
=856  40$uhttps://www.jove.com/video/51844
=945  \\$aThe Whole World

