=LDR  00813ngm a2200000i 4500
=001  JoVEMedicine51071
=008  161201s2016\\\\xx\\\\\g\\\\\\s\\\\\eng\d
=035  \\$a(OCoLC)733445860
=040  \\$aVaAlASP$cVaAlASP
=100  1\$aMarbacher,Serge
=245  12$aThe Helsinki Rat Microsurgical Sidewall Aneurysm Model$h[electronic resource]
=260  \\$aCambridge, MA$bMyJoVE Corp$c2016
=300  \\$aonline resource (833 seconds)
=490  0\$aMedicine
=500  \\$aTitle from resource description page
=520  \\$aMicrosurgical sidewall aneurysms in rats are created by end-to-side anastomosis of an aortic graft to the abdominal aorta. We present step-by-step instructions and discuss anatomical and surgical details for successful experimental saccular aneurysm creation.
=521  \\$aFor undergraduate, graduate, and professional students
=546  \\$aEnglish
=650  \0$aMedicine
=856  40$uhttps://www.jove.com/video/51071
=945  \\$aThe Whole World

