=LDR  00918ngm a2200000i 4500
=001  JoVEMedicine50753
=008  161201s2016\\\\xx\\\\\g\\\\\\s\\\\\eng\d
=035  \\$a(OCoLC)733445860
=040  \\$aVaAlASP$cVaAlASP
=100  1\$aOberhuber,Rupert
=245  12$aMurine Cervical Heart Transplantation Model Using a Modified Cuff Technique$h[electronic resource]
=260  \\$aCambridge, MA$bMyJoVE Corp$c2016
=300  \\$aonline resource (632 seconds)
=490  0\$aMedicine
=500  \\$aTitle from resource description page
=520  \\$aThe murine cervical heart transplantation model is well suited for immunological as well as ischemia reperfusion injury studies. We modified the procedure using a non-suture cuff technique and performed more than 1,000 successful transplants with this approach.
Herein, we provide additional details of this technique to supplement the video.
=521  \\$aFor undergraduate, graduate, and professional students
=546  \\$aEnglish
=650  \0$aMedicine
=856  40$uhttps://www.jove.com/video/50753
=945  \\$aThe Whole World

