=LDR  00904ngm a2200000i 4500
=001  JoVEMedicine52163
=008  161201s2016\\\\xx\\\\\g\\\\\\s\\\\\eng\d
=035  \\$a(OCoLC)733445860
=040  \\$aVaAlASP$cVaAlASP
=100  1\$aTse,George H.
=245  12$aMouse Kidney Transplantation: Models of Allograft Rejection$h[electronic resource]
=260  \\$aCambridge, MA$bMyJoVE Corp$c2016
=300  \\$aonline resource (975 seconds)
=490  0\$aMedicine
=500  \\$aTitle from resource description page
=520  \\$aHere, we present a protocol to study the immunology of rejection. The surgical model presented reports a short operating time and a concise technique. Depending on the donor-recipient strain combination, the transplanted kidney may develop acute cellular rejection or chronic allograft damage, defined by interstitial fibrosis and tubular atrophy.
=521  \\$aFor undergraduate, graduate, and professional students
=546  \\$aEnglish
=650  \0$aMedicine
=856  40$uhttps://www.jove.com/video/52163
=945  \\$aThe Whole World

