=LDR  00857ngm a2200000i 4500
=001  JoVEBiology51982
=008  161201s2016\\\\xx\\\\\g\\\\\\s\\\\\eng\d
=035  \\$a(OCoLC)733445860
=040  \\$aVaAlASP$cVaAlASP
=100  1\$aBirck,Malene M.
=245  12$aNon-Terminal Blood Sampling Techniques in Guinea Pigs$h[electronic resource]
=260  \\$aCambridge, MA$bMyJoVE Corp$c2016
=300  \\$aonline resource (478 seconds)
=490  0\$aBiology
=500  \\$aTitle from resource description page
=520  \\$aThough a known model, the guinea pig currently represents a niche in experimental animal sciences and limited data is available on the execution of most procedures. Here we present four different approaches to non-terminal in vivo blood sampling techniques in either conscious or anaesthetized guinea pigs. 
=521  \\$aFor undergraduate, graduate, and professional students
=546  \\$aEnglish
=650  \0$aBiology
=856  40$uhttps://www.jove.com/video/51982
=945  \\$aThe Whole World

