=LDR  00872ngm a2200000i 4500
=001  JoVEBiology51845
=008  161201s2016\\\\xx\\\\\g\\\\\\s\\\\\eng\d
=035  \\$a(OCoLC)733445860
=040  \\$aVaAlASP$cVaAlASP
=100  1\$aHuang,Huilin
=245  12$aDetection of Alternative Splicing During Epithelial-Mesenchymal Transition$h[electronic resource]
=260  \\$aCambridge, MA$bMyJoVE Corp$c2016
=300  \\$aonline resource (708 seconds)
=490  0\$aBiology
=500  \\$aTitle from resource description page
=520  \\$aAlternative splicing regulation has been shown to contribute to the epithelial-mesenchymal transition (EMT), an essential cellular program in various physiological and pathological processes. Here we describe a method utilizing an inducible EMT model for the detection of alternative splicing during EMT.
=521  \\$aFor undergraduate, graduate, and professional students
=546  \\$aEnglish
=650  \0$aBiology
=856  40$uhttps://www.jove.com/video/51845
=945  \\$aThe Whole World

