=LDR  00887ngm a2200000i 4500
=001  JoVEMedicine51558
=008  161201s2016\\\\xx\\\\\g\\\\\\s\\\\\eng\d
=035  \\$a(OCoLC)733445860
=040  \\$aVaAlASP$cVaAlASP
=100  1\$aGlatt,Vaida
=245  12$aAdjustable Stiffness, External Fixator for the Rat Femur Osteotomy and Segmental Bone Defect Models$h[electronic resource]
=260  \\$aCambridge, MA$bMyJoVE Corp$c2016
=300  \\$aonline resource (609 seconds)
=490  0\$aMedicine
=500  \\$aTitle from resource description page
=520  \\$aOne constraint of preclinical research in the field of bone repair is the lack of experimental control over the local mechanical environment within a healing bone lesion. We report the design and use of an external fixator for bone repair with the ability to change fixator stiffness in vivo.
=521  \\$aFor undergraduate, graduate, and professional students
=546  \\$aEnglish
=650  \0$aMedicine
=856  40$uhttps://www.jove.com/video/51558
=945  \\$aThe Whole World

