=LDR  00981ngm a2200000i 4500
=001  JoVEBiology51652
=008  161201s2016\\\\xx\\\\\g\\\\\\s\\\\\eng\d
=035  \\$a(OCoLC)733445860
=040  \\$aVaAlASP$cVaAlASP
=100  1\$aShatil-Cohen,Arava
=245  12$aMeasuring the Osmotic Water Permeability Coefficient (Pf) of Spherical Cells: Isolated Plant Protoplasts as an Example$h[electronic resource]
=260  \\$aCambridge, MA$bMyJoVE Corp$c2016
=300  \\$aonline resource (860 seconds)
=490  0\$aBiology
=500  \\$aTitle from resource description page
=520  \\$aMeasuring the osmotic water permeability coefficient (Pf) of cells can help understand the regulatory mechanisms of aquaporins (AQPs). Pf determination in spherical plant cell protoplasts presented here involves protoplasts isolation and numerical analysis of their initial rate of volume change as a result of an osmotic challenge during constant bath perfusion.
=521  \\$aFor undergraduate, graduate, and professional students
=546  \\$aEnglish
=650  \0$aBiology
=856  40$uhttps://www.jove.com/video/51652
=945  \\$aThe Whole World

