=LDR  00880ngm a2200000i 4500
=001  JoVEMedicine52020
=008  161201s2016\\\\xx\\\\\g\\\\\\s\\\\\eng\d
=035  \\$a(OCoLC)733445860
=040  \\$aVaAlASP$cVaAlASP
=100  1\$aKlotz,James L.
=245  12$aIsolating and Using Sections of Bovine Mesenteric Artery and Vein as a Bioassay to Test for Vasoactivity in the Small Intestine$h[electronic resource]
=260  \\$aCambridge, MA$bMyJoVE Corp$c2016
=300  \\$aonline resource (452 seconds)
=490  0\$aMedicine
=500  \\$aTitle from resource description page
=520  \\$aThe small intestine is frequently exposed to toxins that can influence blood flow and negatively impact nutrient absorption. Using a multimyograph and mesenteric artery and vein isolates, compounds or toxins of interest can be screened for vasoactivity. 
=521  \\$aFor undergraduate, graduate, and professional students
=546  \\$aEnglish
=650  \0$aMedicine
=856  40$uhttps://www.jove.com/video/52020
=945  \\$aThe Whole World

