=LDR  00980ngm a2200000i 4500
=001  JoVEMedicine51914
=008  161201s2016\\\\xx\\\\\g\\\\\\s\\\\\eng\d
=035  \\$a(OCoLC)733445860
=040  \\$aVaAlASP$cVaAlASP
=100  1\$aHou,Shaoping
=245  12$aA Radio-telemetric System to Monitor Cardiovascular Function in Rats with Spinal Cord Transection and Embryonic Neural Stem Cell Grafts$h[electronic resource]
=260  \\$aCambridge, MA$bMyJoVE Corp$c2016
=300  \\$aonline resource (479 seconds)
=490  0\$aMedicine
=500  \\$aTitle from resource description page
=520  \\$aWe present a protocol for using a radio-telemetric system to record cardiovascular parameters in T4 spinal cord transected rats eight weeks after embryonic brainstem neural stem cell grafting into the lesion site. Telemetry is an advanced technique to accurately evaluate cardiovascular function in conscious freely moving spinal cord injured rats.
=521  \\$aFor undergraduate, graduate, and professional students
=546  \\$aEnglish
=650  \0$aMedicine
=856  40$uhttps://www.jove.com/video/51914
=945  \\$aThe Whole World

