=LDR  00736ngm a2200000i 4500
=001  JoVEMedicine51790
=008  161201s2016\\\\xx\\\\\g\\\\\\s\\\\\eng\d
=035  \\$a(OCoLC)733445860
=040  \\$aVaAlASP$cVaAlASP
=100  1\$aZhang,Xueli
=245  12$aCerenkov Luminescence Imaging of Interscapular Brown Adipose Tissue$h[electronic resource]
=260  \\$aCambridge, MA$bMyJoVE Corp$c2016
=300  \\$aonline resource (388 seconds)
=490  0\$aMedicine
=500  \\$aTitle from resource description page
=520  \\$aIn this video report, we show the application of Cerenkov Luminescence Imaging (CLI) for interscapular brown adipose tissue in mice under activated and depressed conditions.
=521  \\$aFor undergraduate, graduate, and professional students
=546  \\$aEnglish
=650  \0$aMedicine
=856  40$uhttps://www.jove.com/video/51790
=945  \\$aThe Whole World

