=LDR  00974ngm a2200000i 4500
=001  JoVEBiology51936
=008  161201s2016\\\\xx\\\\\g\\\\\\s\\\\\eng\d
=035  \\$a(OCoLC)733445860
=040  \\$aVaAlASP$cVaAlASP
=100  1\$aAerts,Jeroen
=245  12$aA Highly Reproducible and Straightforward Method to Perform In Vivo Ocular Enucleation in the Mouse after Eye Opening$h[electronic resource]
=260  \\$aCambridge, MA$bMyJoVE Corp$c2016
=300  \\$aonline resource (329 seconds)
=490  0\$aBiology
=500  \\$aTitle from resource description page
=520  \\$aThe removal of eyes, also called enucleation, provides a useful strategy to study aspects of visual, cross-modal, and developmental plasticity along the mammalian visual system since it induces irreversible partial (monocular) or complete (binocular) vision loss. Here we describe a highly reproducible and straightforward approach to perform in vivo enucleation.
=521  \\$aFor undergraduate, graduate, and professional students
=546  \\$aEnglish
=650  \0$aBiology
=856  40$uhttps://www.jove.com/video/51936
=945  \\$aThe Whole World

