=LDR  00877ngm a2200000i 4500
=001  JoVEBiology51902
=008  161201s2016\\\\xx\\\\\g\\\\\\s\\\\\eng\d
=035  \\$a(OCoLC)733445860
=040  \\$aVaAlASP$cVaAlASP
=100  1\$aChevrier,Sandy
=245  12$agDNA Enrichment by a Transposase-based Technology for NGS Analysis of the Whole Sequence of BRCA1, BRCA2, and 9 Genes Involved in DNA Damage Repair$h[electronic resource]
=260  \\$aCambridge, MA$bMyJoVE Corp$c2016
=300  \\$aonline resource (495 seconds)
=490  0\$aBiology
=500  \\$aTitle from resource description page
=520  \\$agDNA enrichment for NGS sequencing is an easy and powerful tool for the study of constitutional mutations. In this article, we present the procedure to analyse simply the complete sequence of 11 genes involved in DNA damage repair.   
=521  \\$aFor undergraduate, graduate, and professional students
=546  \\$aEnglish
=650  \0$aBiology
=856  40$uhttps://www.jove.com/video/51902
=945  \\$aThe Whole World

