=LDR  00898ngm a2200000i 4500
=001  JoVEBiology51997
=008  161201s2016\\\\xx\\\\\g\\\\\\s\\\\\eng\d
=035  \\$a(OCoLC)733445860
=040  \\$aVaAlASP$cVaAlASP
=100  1\$aBikkavilli,Rama Kamesh
=245  12$aIn vitro Methylation Assay to Study Protein Arginine Methylation$h[electronic resource]
=260  \\$aCambridge, MA$bMyJoVE Corp$c2016
=300  \\$aonline resource (601 seconds)
=490  0\$aBiology
=500  \\$aTitle from resource description page
=520  \\$aProtein arginine methylation, catalyzed by a class of enzymes viz., protein arginine methyl transferases (PRMTs), is the process of enzymatic addition of methyl group(s) to arginines within proteins. The in vitro methylation assay is the most dependable tool for assessing the methylation status of known or novel PRMT substrates.
=521  \\$aFor undergraduate, graduate, and professional students
=546  \\$aEnglish
=650  \0$aBiology
=856  40$uhttps://www.jove.com/video/51997
=945  \\$aThe Whole World

