=LDR  00852ngm a2200000i 4500
=001  JoVEMedicine51955
=008  161201s2016\\\\xx\\\\\g\\\\\\s\\\\\eng\d
=035  \\$a(OCoLC)733445860
=040  \\$aVaAlASP$cVaAlASP
=100  1\$aXie,Chichi
=245  12$aMonitoring of Systemic and Hepatic Hemodynamic Parameters in Mice$h[electronic resource]
=260  \\$aCambridge, MA$bMyJoVE Corp$c2016
=300  \\$aonline resource (969 seconds)
=490  0\$aMedicine
=500  \\$aTitle from resource description page
=520  \\$aThis film demonstrates how to acquire systemic and hepatic hemodynamics in mice. The whole monitoring includes acquisition of vital parameters, systemic blood pressure, central venous pressure, common hepatic artery flow rate, and portal vein pressure as well as the portal flow rate in mice.
=521  \\$aFor undergraduate, graduate, and professional students
=546  \\$aEnglish
=650  \0$aMedicine
=856  40$uhttps://www.jove.com/video/51955
=945  \\$aThe Whole World

