=LDR  00973ngm a2200000i 4500
=001  JoVEMedicine52157
=008  161201s2016\\\\xx\\\\\g\\\\\\s\\\\\eng\d
=035  \\$a(OCoLC)733445860
=040  \\$aVaAlASP$cVaAlASP
=100  1\$aCorben,Adriana D.
=245  12$aEx Vivo Treatment Response of Primary Tumors and/or Associated Metastases for Preclinical and Clinical Development of Therapeutics$h[electronic resource]
=260  \\$aCambridge, MA$bMyJoVE Corp$c2016
=300  \\$aonline resource (509 seconds)
=490  0\$aMedicine
=500  \\$aTitle from resource description page
=520  \\$aEstablished cancer cell lines and xenografts have been the mainstay of cancer research for the past several decades. However, recent evidence suggests that therapeutic response is greatly influenced by the tumor cell microenvironment. Therefore, we have developed an ex vivo analysis of primary tumor specimens for drug development purposes.
=521  \\$aFor undergraduate, graduate, and professional students
=546  \\$aEnglish
=650  \0$aMedicine
=856  40$uhttps://www.jove.com/video/52157
=945  \\$aThe Whole World

