=LDR  01027ngm a2200000i 4500
=001  JoVEMedicine52132
=008  161201s2016\\\\xx\\\\\g\\\\\\s\\\\\eng\d
=035  \\$a(OCoLC)733445860
=040  \\$aVaAlASP$cVaAlASP
=100  1\$aAndereggen,Lukas
=245  12$aThe Rabbit Blood-shunt Model for the Study of Acute and Late Sequelae of Subarachnoid Hemorrhage: Technical Aspects$h[electronic resource]
=260  \\$aCambridge, MA$bMyJoVE Corp$c2016
=300  \\$aonline resource (540 seconds)
=490  0\$aMedicine
=500  \\$aTitle from resource description page
=520  \\$aThe experimental intracranial pressure-controlled blood shunt subarachnoid hemorrhage (SAH) model in the rabbit combines the standard procedures - subclavian artery cannulation and transcutaneous cisterna magna puncture, which enables close mimicking of human pathophysiological conditions after SAH. We present step-by-step instructions and discuss key surgical points for successful experimental SAH creation.
=521  \\$aFor undergraduate, graduate, and professional students
=546  \\$aEnglish
=650  \0$aMedicine
=856  40$uhttps://www.jove.com/video/52132
=945  \\$aThe Whole World

