=LDR  00903ngm a2200000i 4500
=001  JoVEMedicine52079
=008  161201s2016\\\\xx\\\\\g\\\\\\s\\\\\eng\d
=035  \\$a(OCoLC)733445860
=040  \\$aVaAlASP$cVaAlASP
=100  1\$aLongchamp,Alban
=245  12$aProcedure for Human Saphenous Veins Ex Vivo Perfusion and External Reinforcement$h[electronic resource]
=260  \\$aCambridge, MA$bMyJoVE Corp$c2016
=300  \\$aonline resource (590 seconds)
=490  0\$aMedicine
=500  \\$aTitle from resource description page
=520  \\$aThe mechanisms leading to the development of intimal hyperplasia (IH) and vein graft failure are still poorly understood. This study describes an ex vivo system to perfuse human veins under controlled flow and pressure. Furthermore the efficiency of external mesh reinforcement to limit the development of IH was evaluated.
=521  \\$aFor undergraduate, graduate, and professional students
=546  \\$aEnglish
=650  \0$aMedicine
=856  40$uhttps://www.jove.com/video/52079
=945  \\$aThe Whole World

