=LDR  00973ngm a2200000i 4500
=001  JoVEBiology51469
=008  161201s2016\\\\xx\\\\\g\\\\\\s\\\\\eng\d
=035  \\$a(OCoLC)733445860
=040  \\$aVaAlASP$cVaAlASP
=100  1\$aTurnbull,Lynne
=245  12$aSuper-resolution Imaging of the Cytokinetic Z Ring in Live Bacteria Using Fast 3D-Structured Illumination Microscopy (f3D-SIM)$h[electronic resource]
=260  \\$aCambridge, MA$bMyJoVE Corp$c2016
=300  \\$aonline resource (764 seconds)
=490  0\$aBiology
=500  \\$aTitle from resource description page
=520  \\$aSpatiotemporal information about dynamic proteins inside live cells is crucial for understanding biology. A type of super-resolution microscopy called fast 3D-structured illumination microscopy (f3D-SIM) reveals unique information about the cytokinetic Z ring in bacteria: both its bead-like appearance and the rapid dynamics of FtsZ within the ring. 
=521  \\$aFor undergraduate, graduate, and professional students
=546  \\$aEnglish
=650  \0$aBiology
=856  40$uhttps://www.jove.com/video/51469
=945  \\$aThe Whole World

