=LDR  00753ngm a2200000i 4500
=001  JoVEBiology4357
=008  161201s2016\\\\xx\\\\\g\\\\\\s\\\\\eng\d
=035  \\$a(OCoLC)733445860
=040  \\$aVaAlASP$cVaAlASP
=100  1\$aHwang,Hayoung
=245  12$aIsolating Primary Melanocyte-like Cells from the Mouse Heart$h[electronic resource]
=260  \\$aCambridge, MA$bMyJoVE Corp$c2016
=300  \\$aonline resource (458 seconds)
=490  0\$aBiology
=500  \\$aTitle from resource description page
=520  \\$aIn this protocol, we identified a novel population of melanocyte-like cells (also known as cardiac melanocytes) in the hearts of mice and humans that contribute to atrial arrhythmia triggers in mice. 
=521  \\$aFor undergraduate, graduate, and professional students
=546  \\$aEnglish
=650  \0$aBiology
=856  40$uhttps://www.jove.com/video/4357
=945  \\$aThe Whole World

