=LDR  00645ngm a2200000i 4500
=001  JoVEMedicine51677
=008  161201s2016\\\\xx\\\\\g\\\\\\s\\\\\eng\d
=035  \\$a(OCoLC)733445860
=040  \\$aVaAlASP$cVaAlASP
=100  1\$aSoares,Kevin C.
=245  12$aA Preclinical Murine Model of Hepatic Metastases$h[electronic resource]
=260  \\$aCambridge, MA$bMyJoVE Corp$c2016
=300  \\$aonline resource (411 seconds)
=490  0\$aMedicine
=500  \\$aTitle from resource description page
=520  \\$aA preclinical, murine model of hepatic metastases performed via a hemispleen injection technique.
=521  \\$aFor undergraduate, graduate, and professional students
=546  \\$aEnglish
=650  \0$aMedicine
=856  40$uhttps://www.jove.com/video/51677
=945  \\$aThe Whole World

