=LDR  00929ngm a2200000i 4500
=001  JoVEMedicine51892
=008  161201s2016\\\\xx\\\\\g\\\\\\s\\\\\eng\d
=035  \\$a(OCoLC)733445860
=040  \\$aVaAlASP$cVaAlASP
=100  1\$aReed,Nick
=245  12$aA Multi-Modal Approach to Assessing Recovery in Youth Athletes Following Concussion$h[electronic resource]
=260  \\$aCambridge, MA$bMyJoVE Corp$c2016
=300  \\$aonline resource (631 seconds)
=490  0\$aMedicine
=500  \\$aTitle from resource description page
=520  \\$aThis article provides an overview of a multi-modal approach to assessing recovery following concussion in youth athletes.  The described protocol uses pre- and post-concussion assessment of performance across a wide variety of domains and can inform the development of improved concussion rehabilitation protocols specific to the youth sport community.
=521  \\$aFor undergraduate, graduate, and professional students
=546  \\$aEnglish
=650  \0$aMedicine
=856  40$uhttps://www.jove.com/video/51892
=945  \\$aThe Whole World

