=LDR  00903ngm a2200000i 4500
=001  JoVEMedicine52017
=008  161201s2016\\\\xx\\\\\g\\\\\\s\\\\\eng\d
=035  \\$a(OCoLC)733445860
=040  \\$aVaAlASP$cVaAlASP
=100  1\$aPierce,Angela M.
=245  12$aCreating Anatomically Accurate and Reproducible Intracranial Xenografts of Human Brain Tumors$h[electronic resource]
=260  \\$aCambridge, MA$bMyJoVE Corp$c2016
=300  \\$aonline resource (674 seconds)
=490  0\$aMedicine
=500  \\$aTitle from resource description page
=520  \\$aThe brain is a unique site with qualities that are not well represented by in vitro or ectopic analyses. Orthotopic mouse models with reproducible location and growth characteristics can be reliably created with intracranial injections using a stereotaxic fixation instrument and a low pressure syringe pump. 
=521  \\$aFor undergraduate, graduate, and professional students
=546  \\$aEnglish
=650  \0$aMedicine
=856  40$uhttps://www.jove.com/video/52017
=945  \\$aThe Whole World

