=LDR  00901ngm a2200000i 4500
=001  JoVEBiology52010
=008  161201s2016\\\\xx\\\\\g\\\\\\s\\\\\eng\d
=035  \\$a(OCoLC)733445860
=040  \\$aVaAlASP$cVaAlASP
=100  1\$aBhattacharya,Subarna
=245  12$aHigh Efficiency Differentiation of Human Pluripotent Stem Cells to Cardiomyocytes and Characterization by Flow Cytometry$h[electronic resource]
=260  \\$aCambridge, MA$bMyJoVE Corp$c2016
=300  \\$aonline resource (793 seconds)
=490  0\$aBiology
=500  \\$aTitle from resource description page
=520  \\$aThe article describes the detailed methodology to efficiently differentiate human pluripotent stem cells into cardiomyocytes by selectively modulating the Wnt pathway, followed by flow cytometry analysis of reference markers to assess homogeneity and identity of the population. 
=521  \\$aFor undergraduate, graduate, and professional students
=546  \\$aEnglish
=650  \0$aBiology
=856  40$uhttps://www.jove.com/video/52010
=945  \\$aThe Whole World

