=LDR  00815ngm a2200000i 4500
=001  JoVEBiology51911
=008  161201s2016\\\\xx\\\\\g\\\\\\s\\\\\eng\d
=035  \\$a(OCoLC)733445860
=040  \\$aVaAlASP$cVaAlASP
=100  1\$aDyer,Laura A.
=245  12$aProtein Isolation from the Developing Embryonic Mouse Heart Valve Region$h[electronic resource]
=260  \\$aCambridge, MA$bMyJoVE Corp$c2016
=300  \\$aonline resource (415 seconds)
=490  0\$aBiology
=500  \\$aTitle from resource description page
=520  \\$aThe analysis of protein expression in young embryonic mouse valves has been hampered by the limited tissue available. This manuscript provides a protocol for preparing protein from developing embryonic mouse valve regions for western blot analysis.
=521  \\$aFor undergraduate, graduate, and professional students
=546  \\$aEnglish
=650  \0$aBiology
=856  40$uhttps://www.jove.com/video/51911
=945  \\$aThe Whole World

