=LDR  00796ngm a2200000i 4500
=001  JoVEMedicine51893
=008  161201s2016\\\\xx\\\\\g\\\\\\s\\\\\eng\d
=035  \\$a(OCoLC)733445860
=040  \\$aVaAlASP$cVaAlASP
=100  1\$aZlobec,Inti
=245  12$aA Next-generation Tissue Microarray (ngTMA) Protocol for Biomarker Studies$h[electronic resource]
=260  \\$aCambridge, MA$bMyJoVE Corp$c2016
=300  \\$aonline resource (572 seconds)
=490  0\$aMedicine
=500  \\$aTitle from resource description page
=520  \\$aThe protocol aims at optimizing the construction and quality of tissue microarrays for biomarker research. It includes aspects of planning and design, digital pathology, virtual slide annotation, and automated tissue arraying.
=521  \\$aFor undergraduate, graduate, and professional students
=546  \\$aEnglish
=650  \0$aMedicine
=856  40$uhttps://www.jove.com/video/51893
=945  \\$aThe Whole World

