=LDR  00967ngm a2200000i 4500
=001  JoVEBiology51792
=008  161201s2016\\\\xx\\\\\g\\\\\\s\\\\\eng\d
=035  \\$a(OCoLC)733445860
=040  \\$aVaAlASP$cVaAlASP
=100  1\$aSpratford,Carrie M.
=245  12$aDissection and Immunostaining of Imaginal Discs from Drosophila melanogaster$h[electronic resource]
=260  \\$aCambridge, MA$bMyJoVE Corp$c2016
=300  \\$aonline resource (610 seconds)
=490  0\$aBiology
=500  \\$aTitle from resource description page
=520  \\$aThe adult structures of Drosophila are derived from sac-like structures called imaginal discs. Analysis of these discs provides insight into many developmental processes including tissue determination, compartment boundary establishment, cell proliferation, cell fate specification, and planar cell polarity. This protocol is used to prepare imaginal discs for light/fluorescent microscopy.
=521  \\$aFor undergraduate, graduate, and professional students
=546  \\$aEnglish
=650  \0$aBiology
=856  40$uhttps://www.jove.com/video/51792
=945  \\$aThe Whole World

