=LDR  00725ngm a2200000i 4500
=001  JoVEBiology51890
=008  161201s2016\\\\xx\\\\\g\\\\\\s\\\\\eng\d
=035  \\$a(OCoLC)733445860
=040  \\$aVaAlASP$cVaAlASP
=100  1\$aGarcia,Vanessa
=245  12$aHigh-throughput Titration of Luciferase-expressing Recombinant Viruses$h[electronic resource]
=260  \\$aCambridge, MA$bMyJoVE Corp$c2016
=300  \\$aonline resource (489 seconds)
=490  0\$aBiology
=500  \\$aTitle from resource description page
=520  \\$aThis article presents a high-throughput luciferase expression-based method of titrating various RNA and DNA viruses using automated and manual liquid handlers.
=521  \\$aFor undergraduate, graduate, and professional students
=546  \\$aEnglish
=650  \0$aBiology
=856  40$uhttps://www.jove.com/video/51890
=945  \\$aThe Whole World

