=LDR  01034ngm a2200000i 4500
=001  JoVEMedicine51776
=008  161201s2016\\\\xx\\\\\g\\\\\\s\\\\\eng\d
=035  \\$a(OCoLC)733445860
=040  \\$aVaAlASP$cVaAlASP
=100  1\$aPleijhuis,Rick
=245  12$aTissue-simulating Phantoms for Assessing Potential Near-infrared Fluorescence Imaging Applications in Breast Cancer Surgery$h[electronic resource]
=260  \\$aCambridge, MA$bMyJoVE Corp$c2016
=300  \\$aonline resource (665 seconds)
=490  0\$aMedicine
=500  \\$aTitle from resource description page
=520  \\$aNear-infrared fluorescence (NIRF) imaging may improve therapeutic outcome of breast cancer surgery by enabling intraoperative tumor localization and evaluation of surgical margin status. Using tissue-simulating breast phantoms containing fluorescent tumor-simulating inclusions, potential clinical applications of NIRF imaging in breast cancer patients can be assessed for standardization and training purposes. 
=521  \\$aFor undergraduate, graduate, and professional students
=546  \\$aEnglish
=650  \0$aMedicine
=856  40$uhttps://www.jove.com/video/51776
=945  \\$aThe Whole World

