=LDR  00851ngm a2200000i 4500
=001  JoVEBiology51887
=008  161201s2016\\\\xx\\\\\g\\\\\\s\\\\\eng\d
=035  \\$a(OCoLC)733445860
=040  \\$aVaAlASP$cVaAlASP
=100  1\$aPickles,Sarah
=245  12$aImmunodetection of Outer Membrane Proteins by Flow Cytometry of Isolated Mitochondria$h[electronic resource]
=260  \\$aCambridge, MA$bMyJoVE Corp$c2016
=300  \\$aonline resource (713 seconds)
=490  0\$aBiology
=500  \\$aTitle from resource description page
=520  \\$aDescribed here is a method to detect and quantify mitochondrial outer membrane proteins by immunolabeling of mitochondria isolated from rodent tissue and analysis by flow cytometry. This method can be extended to assess functional aspects of mitochondrial subpopulations.
=521  \\$aFor undergraduate, graduate, and professional students
=546  \\$aEnglish
=650  \0$aBiology
=856  40$uhttps://www.jove.com/video/51887
=945  \\$aThe Whole World

