=LDR  00858ngm a2200000i 4500
=001  JoVEBiology51593
=008  161201s2016\\\\xx\\\\\g\\\\\\s\\\\\eng\d
=035  \\$a(OCoLC)733445860
=040  \\$aVaAlASP$cVaAlASP
=100  1\$aKu,Chih Hung
=245  12$aStimulation of Cytoplasmic DNA Sensing Pathways In Vitro and In Vivo$h[electronic resource]
=260  \\$aCambridge, MA$bMyJoVE Corp$c2016
=300  \\$aonline resource (704 seconds)
=490  0\$aBiology
=500  \\$aTitle from resource description page
=520  \\$aThe aim of the protocol is to use optimal methods for stimulating the cytoplasmic DNA sensing pathways in cells and in vivo. This is achieved by improving the generation of long, double-stranded DNA during blunt-end ligation. Cells or mice are then transfected using a lipid transfection reagent.
=521  \\$aFor undergraduate, graduate, and professional students
=546  \\$aEnglish
=650  \0$aBiology
=856  40$uhttps://www.jove.com/video/51593
=945  \\$aThe Whole World

