=LDR  00890ngm a2200000i 4500
=001  JoVEMedicine51956
=008  161201s2016\\\\xx\\\\\g\\\\\\s\\\\\eng\d
=035  \\$a(OCoLC)733445860
=040  \\$aVaAlASP$cVaAlASP
=100  1\$aJin,Rong
=245  12$aEmbolic Middle Cerebral Artery Occlusion (MCAO) for Ischemic Stroke with Homologous Blood Clots in Rats$h[electronic resource]
=260  \\$aCambridge, MA$bMyJoVE Corp$c2016
=300  \\$aonline resource (551 seconds)
=490  0\$aMedicine
=500  \\$aTitle from resource description page
=520  \\$aIn this paper, we demonstrate a standard method for producing an embolic middle cerebral artery occlusion with homologous blood clots (fibrin-rich) in adult rat. This model closely mimics human ischemic stroke and is suitable for preclinical study of thrombolytic therapy for ischemic stroke.  
=521  \\$aFor undergraduate, graduate, and professional students
=546  \\$aEnglish
=650  \0$aMedicine
=856  40$uhttps://www.jove.com/video/51956
=945  \\$aThe Whole World

