=LDR  00938ngm a2200000i 4500
=001  JoVEMedicine51919
=008  161201s2016\\\\xx\\\\\g\\\\\\s\\\\\eng\d
=035  \\$a(OCoLC)733445860
=040  \\$aVaAlASP$cVaAlASP
=100  1\$aTausif,Hassan N.
=245  12$aCorneal Donor Tissue Preparation for Descemet's Membrane Endothelial Keratoplasty$h[electronic resource]
=260  \\$aCambridge, MA$bMyJoVE Corp$c2016
=300  \\$aonline resource (646 seconds)
=490  0\$aMedicine
=500  \\$aTitle from resource description page
=520  \\$aEndothelial keratoplasty is a surgical technique continuously evolving as advancements result in transplantation of thinner grafts with each succession1. Here we present a technique for controlled manual tissue dissection to allow safe and repeatable separation of endothelium and Descemet's membranes from donor corneoscleral buttons for transplantation2.
=521  \\$aFor undergraduate, graduate, and professional students
=546  \\$aEnglish
=650  \0$aMedicine
=856  40$uhttps://www.jove.com/video/51919
=945  \\$aThe Whole World

