=LDR  00828ngm a2200000i 4500
=001  JoVEMedicine51563
=008  161201s2016\\\\xx\\\\\g\\\\\\s\\\\\eng\d
=035  \\$a(OCoLC)733445860
=040  \\$aVaAlASP$cVaAlASP
=100  1\$aFiorani,Lavinia
=245  12$aSlow-release Drug Delivery through Elvax 40W to the Rat Retina: Implications for the Treatment of Chronic Conditions$h[electronic resource]
=260  \\$aCambridge, MA$bMyJoVE Corp$c2016
=300  \\$aonline resource (469 seconds)
=490  0\$aMedicine
=500  \\$aTitle from resource description page
=520  \\$aThis paper details how Elvax 40W can be used as a slow-release method for drug delivery to the adult rat retina. The protocol for preparing, loading, and delivering the drug-resin complex to the eye is described.
=521  \\$aFor undergraduate, graduate, and professional students
=546  \\$aEnglish
=650  \0$aMedicine
=856  40$uhttps://www.jove.com/video/51563
=945  \\$aThe Whole World

