=LDR  00831ngm a2200000i 4500
=001  JoVEBiology51228
=008  161201s2016\\\\xx\\\\\g\\\\\\s\\\\\eng\d
=035  \\$a(OCoLC)733445860
=040  \\$aVaAlASP$cVaAlASP
=100  1\$aDavies,Karen M.
=245  12$aVisualization of ATP Synthase Dimers in Mitochondria by Electron Cryo-tomography$h[electronic resource]
=260  \\$aCambridge, MA$bMyJoVE Corp$c2016
=300  \\$aonline resource (639 seconds)
=490  0\$aBiology
=500  \\$aTitle from resource description page
=520  \\$aWe present a protocol of how to collect and process electron cryo-tomograms of whole mitochondria. The technique provides detailed insights into the structure, function, and organization of large membrane protein complexes in native biological membranes.
=521  \\$aFor undergraduate, graduate, and professional students
=546  \\$aEnglish
=650  \0$aBiology
=856  40$uhttps://www.jove.com/video/51228
=945  \\$aThe Whole World

