=LDR  00881ngm a2200000i 4500
=001  JoVEBiology51809
=008  161201s2016\\\\xx\\\\\g\\\\\\s\\\\\eng\d
=035  \\$a(OCoLC)733445860
=040  \\$aVaAlASP$cVaAlASP
=100  1\$aVivoli,Mirella
=245  12$aDetermination of Protein-ligand Interactions Using Differential Scanning Fluorimetry$h[electronic resource]
=260  \\$aCambridge, MA$bMyJoVE Corp$c2016
=300  \\$aonline resource (806 seconds)
=490  0\$aBiology
=500  \\$aTitle from resource description page
=520  \\$aDifferential scanning fluorimetry is a widely used method for screening libraries of small molecules for interactions with proteins. Here, we present a straightforward method to extend these analyses to provide an estimate of the dissociation constant between a small molecule and its protein partner.
=521  \\$aFor undergraduate, graduate, and professional students
=546  \\$aEnglish
=650  \0$aBiology
=856  40$uhttps://www.jove.com/video/51809
=945  \\$aThe Whole World

