=LDR  01030ngm a2200000i 4500
=001  JoVEMedicine51115
=008  161201s2016\\\\xx\\\\\g\\\\\\s\\\\\eng\d
=035  \\$a(OCoLC)733445860
=040  \\$aVaAlASP$cVaAlASP
=100  1\$aSchleimer,Karina
=245  12$aHeterotopic Auxiliary Rat Liver Transplantation With Flow-regulated Portal Vein Arterialization in Acute Hepatic Failure$h[electronic resource]
=260  \\$aCambridge, MA$bMyJoVE Corp$c2016
=300  \\$aonline resource (979 seconds)
=490  0\$aMedicine
=500  \\$aTitle from resource description page
=520  \\$aAuxiliary liver transplantation provides a temporary support in acute hepatic failure, until regeneration of the failing liver. The heterotopic auxiliary liver transplantation (HALT) with portal vein arterialization (PVA) renders sufficient liver function. We developed an analogous technique in the rat, to examine the influence of the portal vein arterialization on the morphology and function of the graft.
=521  \\$aFor undergraduate, graduate, and professional students
=546  \\$aEnglish
=650  \0$aMedicine
=856  40$uhttps://www.jove.com/video/51115
=945  \\$aThe Whole World

