=LDR  00862ngm a2200000i 4500
=001  JoVEBiology51888
=008  161201s2016\\\\xx\\\\\g\\\\\\s\\\\\eng\d
=035  \\$a(OCoLC)733445860
=040  \\$aVaAlASP$cVaAlASP
=100  1\$aJuliano,Celina E.
=245  12$aGeneration of Transgenic Hydra by Embryo Microinjection$h[electronic resource]
=260  \\$aCambridge, MA$bMyJoVE Corp$c2016
=300  \\$aonline resource (550 seconds)
=490  0\$aBiology
=500  \\$aTitle from resource description page
=520  \\$aStably transgenic Hydra are made by microinjection of plasmid DNA into embryos followed by random genomic integration and asexual propagation to establish a uniform line. Transgenic Hydra are used to track cell movements, overexpress genes, study promoter function, or knock down gene expression using RNAi. 
=521  \\$aFor undergraduate, graduate, and professional students
=546  \\$aEnglish
=650  \0$aBiology
=856  40$uhttps://www.jove.com/video/51888
=945  \\$aThe Whole World

