=LDR  00967ngm a2200000i 4500
=001  JoVEBiology51868
=008  161201s2016\\\\xx\\\\\g\\\\\\s\\\\\eng\d
=035  \\$a(OCoLC)733445860
=040  \\$aVaAlASP$cVaAlASP
=100  1\$aGärtner,Stefanie M. K.
=245  12$aEx vivo Culture of Drosophila Pupal Testis and Single Male Germ-line Cysts: Dissection, Imaging, and Pharmacological Treatment$h[electronic resource]
=260  \\$aCambridge, MA$bMyJoVE Corp$c2016
=300  \\$aonline resource (515 seconds)
=490  0\$aBiology
=500  \\$aTitle from resource description page
=520  \\$aThis protocol describes the dissection and cultivation of intact testes and germ-line cysts from Drosophila melanogaster pupae. This method allows microscopic observation of spermatogenesis ex vivo. Furthermore, we describe a pharmacological assay of the effect of inhibitors on specific stages of germ-cell development in pupal testes.
=521  \\$aFor undergraduate, graduate, and professional students
=546  \\$aEnglish
=650  \0$aBiology
=856  40$uhttps://www.jove.com/video/51868
=945  \\$aThe Whole World

