=LDR  01004ngm a2200000i 4500
=001  JoVEBiology51694
=008  161201s2016\\\\xx\\\\\g\\\\\\s\\\\\eng\d
=035  \\$a(OCoLC)733445860
=040  \\$aVaAlASP$cVaAlASP
=100  1\$aCarson,Johnny L.
=245  12$aFundamental Technical Elements of Freeze-fracture/Freeze-etch in Biological Electron Microscopy$h[electronic resource]
=260  \\$aCambridge, MA$bMyJoVE Corp$c2016
=300  \\$aonline resource (677 seconds)
=490  0\$aBiology
=500  \\$aTitle from resource description page
=520  \\$aBasic techniques and refinements of freeze-fracture processing of biological specimens and nanomaterials for examination by transmission electron microscopy are described. This technique is a preferred method for revealing ultrastructural features and specializations of biological membranes and for obtaining ultrastructural level dimensional and spatial data in materials sciences and nanotechnology products.
=521  \\$aFor undergraduate, graduate, and professional students
=546  \\$aEnglish
=650  \0$aBiology
=856  40$uhttps://www.jove.com/video/51694
=945  \\$aThe Whole World

