=LDR  00895ngm a2200000i 4500
=001  JoVEMedicine51891
=008  161201s2016\\\\xx\\\\\g\\\\\\s\\\\\eng\d
=035  \\$a(OCoLC)733445860
=040  \\$aVaAlASP$cVaAlASP
=100  1\$aCole,Jennifer M.
=245  12$aEnrichment for Chemoresistant Ovarian Cancer Stem Cells from Human Cell Lines$h[electronic resource]
=260  \\$aCambridge, MA$bMyJoVE Corp$c2016
=300  \\$aonline resource (710 seconds)
=490  0\$aMedicine
=500  \\$aTitle from resource description page
=520  \\$aCancer stem cells (CSCs) are implicated in tumor relapse due to chemoresistance. We have optimized a protocol for selection and expansion of CSCs from ovarian cancer cell lines. By treating cells with the chemotherapeutic cisplatin and culturing in a stem cell promoting media we enrich for non-adherent CSC cultures.
=521  \\$aFor undergraduate, graduate, and professional students
=546  \\$aEnglish
=650  \0$aMedicine
=856  40$uhttps://www.jove.com/video/51891
=945  \\$aThe Whole World

