=LDR  00697ngm a2200000i 4500
=001  JoVEMedicine51812
=008  161201s2016\\\\xx\\\\\g\\\\\\s\\\\\eng\d
=035  \\$a(OCoLC)733445860
=040  \\$aVaAlASP$cVaAlASP
=100  1\$aShanely,R. Andrew
=245  12$aHuman Skeletal Muscle Biopsy Procedures Using the Modified Bergström Technique$h[electronic resource]
=260  \\$aCambridge, MA$bMyJoVE Corp$c2016
=300  \\$aonline resource (440 seconds)
=490  0\$aMedicine
=500  \\$aTitle from resource description page
=520  \\$aThe purpose of this video is to present the modified Bergström skeletal muscle biopsy technique on human subjects. 
=521  \\$aFor undergraduate, graduate, and professional students
=546  \\$aEnglish
=650  \0$aMedicine
=856  40$uhttps://www.jove.com/video/51812
=945  \\$aThe Whole World

