=LDR  00749ngm a2200000i 4500
=001  JoVEBiology52138
=008  161201s2016\\\\xx\\\\\g\\\\\\s\\\\\eng\d
=035  \\$a(OCoLC)733445860
=040  \\$aVaAlASP$cVaAlASP
=100  1\$aStout,Alina
=245  12$aUsing plusTipTracker Software to Measure Microtubule Dynamics in Xenopus laevis Growth Cones$h[electronic resource]
=260  \\$aCambridge, MA$bMyJoVE Corp$c2016
=300  \\$aonline resource (452 seconds)
=490  0\$aBiology
=500  \\$aTitle from resource description page
=520  \\$aThe MATLAB-based, open source software package, plusTipTracker, can be used to analyze image series of fluorescently-labeled +TIPs to quantify microtubule dynamics.
=521  \\$aFor undergraduate, graduate, and professional students
=546  \\$aEnglish
=650  \0$aBiology
=856  40$uhttps://www.jove.com/video/52138
=945  \\$aThe Whole World

