=LDR  00819ngm a2200000i 4500
=001  JoVEBiology51109
=008  161201s2016\\\\xx\\\\\g\\\\\\s\\\\\eng\d
=035  \\$a(OCoLC)733445860
=040  \\$aVaAlASP$cVaAlASP
=100  1\$aRoth,Gretchen M.
=245  12$aIsolation and Physiological Analysis of Mouse Cardiomyocytes$h[electronic resource]
=260  \\$aCambridge, MA$bMyJoVE Corp$c2016
=300  \\$aonline resource (662 seconds)
=490  0\$aBiology
=500  \\$aTitle from resource description page
=520  \\$a Individual cardiomyocytes from wild type and mutant mice can be isolated from the heart in order to study their contractility and calcium transients. This allows characterization of the contribution of cellular dysfunction to heart dysfunction from any cause. 
=521  \\$aFor undergraduate, graduate, and professional students
=546  \\$aEnglish
=650  \0$aBiology
=856  40$uhttps://www.jove.com/video/51109
=945  \\$aThe Whole World

