=LDR  00940ngm a2200000i 4500
=001  JoVEBiology51728
=008  161201s2016\\\\xx\\\\\g\\\\\\s\\\\\eng\d
=035  \\$a(OCoLC)733445860
=040  \\$aVaAlASP$cVaAlASP
=100  1\$aNefzger,Christian M.
=245  12$aCell Surface Marker Mediated Purification of iPS Cell Intermediates from a Reprogrammable Mouse Model$h[electronic resource]
=260  \\$aCambridge, MA$bMyJoVE Corp$c2016
=300  \\$aonline resource (632 seconds)
=490  0\$aBiology
=500  \\$aTitle from resource description page
=520  \\$aMouse embryonic fibroblast can be reprogrammed into induced pluripotent stem cells at low efficiency by the forced expression of transcription factors Oct-4, Sox-2, Klf-4, c-Myc. The rare intermediates of the reprogramming reaction are FACS isolated via labeling with antibodies against cell surface makers Thy-1.2, Ssea-1, and Epcam.   
=521  \\$aFor undergraduate, graduate, and professional students
=546  \\$aEnglish
=650  \0$aBiology
=856  40$uhttps://www.jove.com/video/51728
=945  \\$aThe Whole World

