=LDR  00980ngm a2200000i 4500
=001  JoVEBiology51682
=008  161201s2016\\\\xx\\\\\g\\\\\\s\\\\\eng\d
=035  \\$a(OCoLC)733445860
=040  \\$aVaAlASP$cVaAlASP
=100  1\$aPreble,Janine M.
=245  12$aRapid Isolation And Purification Of Mitochondria For Transplantation By Tissue Dissociation And Differential Filtration$h[electronic resource]
=260  \\$aCambridge, MA$bMyJoVE Corp$c2016
=300  \\$aonline resource (635 seconds)
=490  0\$aBiology
=500  \\$aTitle from resource description page
=520  \\$aA method for rapid isolation of mitochondria from mammalian tissue biopsies is described. Rat liver or skeletal muscle preparations were homogenized with a commercial tissue dissociator and mitochondria were isolated by differential filtration through nylon mesh filters. Mitochondrial isolation time is <30 min compared to 60 - 100 min using alternative methods.
=521  \\$aFor undergraduate, graduate, and professional students
=546  \\$aEnglish
=650  \0$aBiology
=856  40$uhttps://www.jove.com/video/51682
=945  \\$aThe Whole World

