=LDR  00955ngm a2200000i 4500
=001  JoVEBiology51683
=008  161201s2016\\\\xx\\\\\g\\\\\\s\\\\\eng\d
=035  \\$a(OCoLC)733445860
=040  \\$aVaAlASP$cVaAlASP
=100  1\$aScott,Mark K.
=245  12$aIn Vivo 4-Dimensional Tracking of Hematopoietic Stem and Progenitor Cells in Adult Mouse Calvarial Bone Marrow$h[electronic resource]
=260  \\$aCambridge, MA$bMyJoVE Corp$c2016
=300  \\$aonline resource (774 seconds)
=490  0\$aBiology
=500  \\$aTitle from resource description page
=520  \\$aThe nature of the interactions between hematopoietic stem and progenitor cells (HSPCs) and bone marrow niches is poorly understood. Custom hardware modifications and a multi-step acquisition protocol allow the use of two-photon and confocal microscopy to image ex vivo labeled HSPCs homed within bone marrow areas, tracking interactions and movement.
=521  \\$aFor undergraduate, graduate, and professional students
=546  \\$aEnglish
=650  \0$aBiology
=856  40$uhttps://www.jove.com/video/51683
=945  \\$aThe Whole World

