=LDR  00821ngm a2200000i 4500
=001  JoVEBiology51945
=008  161201s2016\\\\xx\\\\\g\\\\\\s\\\\\eng\d
=035  \\$a(OCoLC)733445860
=040  \\$aVaAlASP$cVaAlASP
=100  1\$aZhu,Xiaohong
=245  12$aMeasuring Spatial and Temporal Ca2+ Signals in Arabidopsis Plants$h[electronic resource]
=260  \\$aCambridge, MA$bMyJoVE Corp$c2016
=300  \\$aonline resource (612 seconds)
=490  0\$aBiology
=500  \\$aTitle from resource description page
=520  \\$aCa2+ signaling regulates diverse biological processes in plants. Here we present approaches for monitoring abiotic stress induced spatial and temporal Ca2+ signals in Arabidopsis cells and tissues using the genetically encoded Ca2+ indicators Aequorin or Case12.
=521  \\$aFor undergraduate, graduate, and professional students
=546  \\$aEnglish
=650  \0$aBiology
=856  40$uhttps://www.jove.com/video/51945
=945  \\$aThe Whole World

