=LDR  00887ngm a2200000i 4500
=001  JoVEBiology51913
=008  161201s2016\\\\xx\\\\\g\\\\\\s\\\\\eng\d
=035  \\$a(OCoLC)733445860
=040  \\$aVaAlASP$cVaAlASP
=100  1\$aCheatle Jarvela,Alys M.
=245  12$aA Method for Microinjection of Patiria minata Zygotes$h[electronic resource]
=260  \\$aCambridge, MA$bMyJoVE Corp$c2016
=300  \\$aonline resource (528 seconds)
=490  0\$aBiology
=500  \\$aTitle from resource description page
=520  \\$aMethods that produce morphant embryos are essential to study developmental mechanisms and gene regulatory networks.  The sea star Patiria miniata is an emerging model system for these studies.  Here we present a protocol for obtaining gametes, producing cultures of embryos, and rapid microinjection of zygotes from this species.
=521  \\$aFor undergraduate, graduate, and professional students
=546  \\$aEnglish
=650  \0$aBiology
=856  40$uhttps://www.jove.com/video/51913
=945  \\$aThe Whole World

