=LDR  00848ngm a2200000i 4500
=001  JoVEBiology51312
=008  161201s2016\\\\xx\\\\\g\\\\\\s\\\\\eng\d
=035  \\$a(OCoLC)733445860
=040  \\$aVaAlASP$cVaAlASP
=100  1\$aDeCicco-Skinner,Katie L.
=245  12$aEndothelial Cell Tube Formation Assay for the In Vitro Study of Angiogenesis$h[electronic resource]
=260  \\$aCambridge, MA$bMyJoVE Corp$c2016
=300  \\$aonline resource (492 seconds)
=490  0\$aBiology
=500  \\$aTitle from resource description page
=520  \\$aThe tube formation assay is a fast, quantifiable method for measuring in vitro angiogenesis. Endothelial cells are combined with conditioned media and plated on basement membrane extract. Tube formation occurs within hours and newly formed tubules easily quantified.
=521  \\$aFor undergraduate, graduate, and professional students
=546  \\$aEnglish
=650  \0$aBiology
=856  40$uhttps://www.jove.com/video/51312
=945  \\$aThe Whole World

