=LDR  00801ngm a2200000i 4500
=001  JoVEMedicine52036
=008  161201s2016\\\\xx\\\\\g\\\\\\s\\\\\eng\d
=035  \\$a(OCoLC)733445860
=040  \\$aVaAlASP$cVaAlASP
=100  1\$aMuñoz-Wolf,Natalia
=245  12$aSublingual Immunotherapy as an Alternative to Induce Protection Against Acute Respiratory Infections$h[electronic resource]
=260  \\$aCambridge, MA$bMyJoVE Corp$c2016
=300  \\$aonline resource (1016 seconds)
=490  0\$aMedicine
=500  \\$aTitle from resource description page
=520  \\$aThe present work illustrates the convenience of using sublingual immunotherapy to boost the innate immune response in the lungs and confer protection against acute pneumococcal pneumonia in mouse.
=521  \\$aFor undergraduate, graduate, and professional students
=546  \\$aEnglish
=650  \0$aMedicine
=856  40$uhttps://www.jove.com/video/52036
=945  \\$aThe Whole World

