=LDR  00910ngm a2200000i 4500
=001  JoVEBiology51709
=008  161201s2016\\\\xx\\\\\g\\\\\\s\\\\\eng\d
=035  \\$a(OCoLC)733445860
=040  \\$aVaAlASP$cVaAlASP
=100  1\$aSanschagrin,Sylvie
=245  12$aNext-generation Sequencing of 16S Ribosomal RNA Gene Amplicons$h[electronic resource]
=260  \\$aCambridge, MA$bMyJoVE Corp$c2016
=300  \\$aonline resource (624 seconds)
=490  0\$aBiology
=500  \\$aTitle from resource description page
=520  \\$aCharacterizing microbial community has been a longstanding goal in environmental microbiology. Next-generation sequencing methods now allow for the characterization of microbial communities at an unprecedented depth with minimal cost and labor. We detail here our approach to sequence bacterial 16S ribosomal RNA genes using a benchtop sequencer.  
=521  \\$aFor undergraduate, graduate, and professional students
=546  \\$aEnglish
=650  \0$aBiology
=856  40$uhttps://www.jove.com/video/51709
=945  \\$aThe Whole World

