=LDR  00814ngm a2200000i 4500
=001  JoVEBiology51799
=008  161201s2016\\\\xx\\\\\g\\\\\\s\\\\\eng\d
=035  \\$a(OCoLC)733445860
=040  \\$aVaAlASP$cVaAlASP
=100  1\$aGeron,Erez
=245  12$aAssessing the Secretory Capacity of Pancreatic Acinar Cells$h[electronic resource]
=260  \\$aCambridge, MA$bMyJoVE Corp$c2016
=300  \\$aonline resource (592 seconds)
=490  0\$aBiology
=500  \\$aTitle from resource description page
=520  \\$aIsolated pancreatic acini retain their in vivo morphology and activity and offer powerful ways for monitoring and manipulating secretion. This work demonstrates how acini can be isolated from the mouse pancreas, and how their secretory capacities can be assessed.
=521  \\$aFor undergraduate, graduate, and professional students
=546  \\$aEnglish
=650  \0$aBiology
=856  40$uhttps://www.jove.com/video/51799
=945  \\$aThe Whole World

