=LDR  00904ngm a2200000i 4500
=001  JoVEMedicine51697
=008  161201s2016\\\\xx\\\\\g\\\\\\s\\\\\eng\d
=035  \\$a(OCoLC)733445860
=040  \\$aVaAlASP$cVaAlASP
=100  1\$aGoode,Michael R.
=245  12$aCollection and Extraction of Saliva DNA for Next Generation Sequencing$h[electronic resource]
=260  \\$aCambridge, MA$bMyJoVE Corp$c2016
=300  \\$aonline resource (418 seconds)
=490  0\$aMedicine
=500  \\$aTitle from resource description page
=520  \\$aDNA extraction from saliva can provide a readily available source of high molecular weight DNA, with little to no degradation/fragmentation.  This protocol provides optimized parameters for saliva collection/storage and DNA extraction to be of sufficient quality and quantity for downstream DNA assays with high quality requirements.
=521  \\$aFor undergraduate, graduate, and professional students
=546  \\$aEnglish
=650  \0$aMedicine
=856  40$uhttps://www.jove.com/video/51697
=945  \\$aThe Whole World

