=LDR  00789ngm a2200000i 4500
=001  JoVEBiology51446
=008  161201s2016\\\\xx\\\\\g\\\\\\s\\\\\eng\d
=035  \\$a(OCoLC)733445860
=040  \\$aVaAlASP$cVaAlASP
=100  1\$aMonico,Carina
=245  12$aCombining Single-molecule Manipulation and Imaging for the Study of Protein-DNA Interactions$h[electronic resource]
=260  \\$aCambridge, MA$bMyJoVE Corp$c2016
=300  \\$aonline resource (883 seconds)
=490  0\$aBiology
=500  \\$aTitle from resource description page
=520  \\$aHere we describe the instrumentation and methods for detecting single fluorescently-labeled protein molecules interacting with a single DNA molecule suspended between two optically trapped microspheres.
=521  \\$aFor undergraduate, graduate, and professional students
=546  \\$aEnglish
=650  \0$aBiology
=856  40$uhttps://www.jove.com/video/51446
=945  \\$aThe Whole World

