=LDR  00822ngm a2200000i 4500
=001  JoVEBiology51323
=008  161201s2016\\\\xx\\\\\g\\\\\\s\\\\\eng\d
=035  \\$a(OCoLC)733445860
=040  \\$aVaAlASP$cVaAlASP
=100  1\$aPrevitera,Michelle L.
=245  12$aPreparation of DNA-crosslinked Polyacrylamide Hydrogels$h[electronic resource]
=260  \\$aCambridge, MA$bMyJoVE Corp$c2016
=300  \\$aonline resource (546 seconds)
=490  0\$aBiology
=500  \\$aTitle from resource description page
=520  \\$aOur laboratory has developed DNA-crosslinked polyacrylamide hydrogels, a dynamic hydrogel system, to better understand the effects of modulating tissue stiffness on cell function. Here, we provide schematics, descriptions, and protocols to prepare these hydrogels.
=521  \\$aFor undergraduate, graduate, and professional students
=546  \\$aEnglish
=650  \0$aBiology
=856  40$uhttps://www.jove.com/video/51323
=945  \\$aThe Whole World

