=LDR  00859ngm a2200000i 4500
=001  JoVEMedicine51946
=008  161201s2016\\\\xx\\\\\g\\\\\\s\\\\\eng\d
=035  \\$a(OCoLC)733445860
=040  \\$aVaAlASP$cVaAlASP
=100  1\$aHana,Ardian
=245  12$aDTI of the Visual Pathway - White Matter Tracts and Cerebral Lesions$h[electronic resource]
=260  \\$aCambridge, MA$bMyJoVE Corp$c2016
=300  \\$aonline resource (605 seconds)
=490  0\$aMedicine
=500  \\$aTitle from resource description page
=520  \\$aDiffusion tensor imaging (DTI) was performed to try to depict the major parts of the visual pathway. The goal was to use an FDA approved standard commercial workstation which could be used for everyday routine in order to try to reduce postoperative damage of the visual pathway in the patients.
=521  \\$aFor undergraduate, graduate, and professional students
=546  \\$aEnglish
=650  \0$aMedicine
=856  40$uhttps://www.jove.com/video/51946
=945  \\$aThe Whole World

