=LDR  00993ngm a2200000i 4500
=001  JoVEMedicine51875
=008  161201s2016\\\\xx\\\\\g\\\\\\s\\\\\eng\d
=035  \\$a(OCoLC)733445860
=040  \\$aVaAlASP$cVaAlASP
=100  1\$aBrückner,Markus
=245  12$a

Murine Endoscopy for In Vivo Multimodal Imaging of Carcinogenesis and Assessment of Intestinal Wound Healing and Inflammation$h[electronic resource]
=260  \\$aCambridge, MA$bMyJoVE Corp$c2016
=300  \\$aonline resource (582 seconds)
=490  0\$aMedicine
=500  \\$aTitle from resource description page
=520  \\$aSmall animal imaging techniques allow serial diagnostic examinations and therapeutic interventions in vivo. Recently, the scope of applications has significantly widened and currently includes assessment of colonic tumor development, wound healing and monitoring of inflammation. This protocol illustrates these diverse potential applications of murine endoscopy.  
=521  \\$aFor undergraduate, graduate, and professional students
=546  \\$aEnglish
=650  \0$aMedicine
=856  40$uhttps://www.jove.com/video/51875
=945  \\$aThe Whole World

