=LDR  00883ngm a2200000i 4500
=001  JoVEBiology51802
=008  161201s2016\\\\xx\\\\\g\\\\\\s\\\\\eng\d
=035  \\$a(OCoLC)733445860
=040  \\$aVaAlASP$cVaAlASP
=100  1\$aMichaelis,Marten
=245  12$aIn Vivo Microinjection and Electroporation of Mouse Testis$h[electronic resource]
=260  \\$aCambridge, MA$bMyJoVE Corp$c2016
=300  \\$aonline resource (519 seconds)
=490  0\$aBiology
=500  \\$aTitle from resource description page
=520  \\$aThis article describes microinjection and electroporation of mouse testis in vivo as a transfection technique for testicular mouse cells to study unique processes of spermatogenesis. The presented protocol involves steps of glass capillary preparation, microinjection via the efferent duct, and transfection by electroporation.
=521  \\$aFor undergraduate, graduate, and professional students
=546  \\$aEnglish
=650  \0$aBiology
=856  40$uhttps://www.jove.com/video/51802
=945  \\$aThe Whole World

