=LDR  00970ngm a2200000i 4500
=001  JoVEBiology51764
=008  161201s2016\\\\xx\\\\\g\\\\\\s\\\\\eng\d
=035  \\$a(OCoLC)733445860
=040  \\$aVaAlASP$cVaAlASP
=100  1\$aHartley,Brigham J.
=245  12$aZinc-finger Nuclease Enhanced Gene Targeting in Human Embryonic Stem Cells$h[electronic resource]
=260  \\$aCambridge, MA$bMyJoVE Corp$c2016
=300  \\$aonline resource (733 seconds)
=490  0\$aBiology
=500  \\$aTitle from resource description page
=520  \\$aReporter cell lines offer a means to visualize, track and isolate cells of interest from heterogeneous populations. However, gene-targeting using conventional homologous recombination in human embryonic stem cells is extremely inefficient. Herein, we describe targeting CNS midbrain specific transcription factor PITX3 locus with EGFP using zinc-finger nuclease enhanced homologous recombination.
=521  \\$aFor undergraduate, graduate, and professional students
=546  \\$aEnglish
=650  \0$aBiology
=856  40$uhttps://www.jove.com/video/51764
=945  \\$aThe Whole World

