=LDR  00885ngm a2200000i 4500
=001  JoVEBiology51860
=008  161201s2016\\\\xx\\\\\g\\\\\\s\\\\\eng\d
=035  \\$a(OCoLC)733445860
=040  \\$aVaAlASP$cVaAlASP
=100  1\$aMiller,Lindsey J.
=245  12$aIsolation of Murine Valve Endothelial Cells$h[electronic resource]
=260  \\$aCambridge, MA$bMyJoVE Corp$c2016
=300  \\$aonline resource (574 seconds)
=490  0\$aBiology
=500  \\$aTitle from resource description page
=520  \\$aThe ability to isolate heart valve endothelial cells (VECs) is critical for understanding mechanisms of valve development, maintenance, and disease.  Here we describe the isolation of VECs from embryonic and adult Tie2-GFP mice using FACS that will allow for studies determining the contribution of VECs in developmental and disease processes.
=521  \\$aFor undergraduate, graduate, and professional students
=546  \\$aEnglish
=650  \0$aBiology
=856  40$uhttps://www.jove.com/video/51860
=945  \\$aThe Whole World

