=LDR  00850ngm a2200000i 4500
=001  JoVEBiology51814
=008  161201s2016\\\\xx\\\\\g\\\\\\s\\\\\eng\d
=035  \\$a(OCoLC)733445860
=040  \\$aVaAlASP$cVaAlASP
=100  1\$aLaneve,Pietro
=245  12$aEnhanced Northern Blot Detection of Small RNA Species in Drosophila Melanogaster$h[electronic resource]
=260  \\$aCambridge, MA$bMyJoVE Corp$c2016
=300  \\$aonline resource (579 seconds)
=490  0\$aBiology
=500  \\$aTitle from resource description page
=520  \\$aThe aim of this publication is to visualize and discuss the operative steps of an Enhanced Northern Blot protocol on RNA extracted from Drosophila melanogaster embryos, cells, and tissues. This protocol is particularly useful for the efficient detection of small RNA species.
=521  \\$aFor undergraduate, graduate, and professional students
=546  \\$aEnglish
=650  \0$aBiology
=856  40$uhttps://www.jove.com/video/51814
=945  \\$aThe Whole World

