=LDR  00985ngm a2200000i 4500
=001  JoVEBiology51195
=008  161201s2016\\\\xx\\\\\g\\\\\\s\\\\\eng\d
=035  \\$a(OCoLC)733445860
=040  \\$aVaAlASP$cVaAlASP
=100  1\$aChen,William C.W.
=245  12$aIsolation of Blood-vessel-derived Multipotent Precursors from Human Skeletal Muscle$h[electronic resource]
=260  \\$aCambridge, MA$bMyJoVE Corp$c2016
=300  \\$aonline resource (652 seconds)
=490  0\$aBiology
=500  \\$aTitle from resource description page
=520  \\$aBlood vessels within human skeletal muscle harbor several multi-lineage precursor populations that are ideal for regenerative applications. This isolation method allows simultaneous purification of three multipotent precursor cell populations respectively from three structural layers of blood vessels: myogenic endothelial cells from intima, pericytes from media, and adventitial cells from adventitia.
=521  \\$aFor undergraduate, graduate, and professional students
=546  \\$aEnglish
=650  \0$aBiology
=856  40$uhttps://www.jove.com/video/51195
=945  \\$aThe Whole World

