=LDR  00869ngm a2200000i 4500
=001  JoVEMedicine51807
=008  161201s2016\\\\xx\\\\\g\\\\\\s\\\\\eng\d
=035  \\$a(OCoLC)733445860
=040  \\$aVaAlASP$cVaAlASP
=100  1\$aKullmann,F. Aura
=245  12$aBladder Smooth Muscle Strip Contractility as a Method to Evaluate Lower Urinary Tract Pharmacology$h[electronic resource]
=260  \\$aCambridge, MA$bMyJoVE Corp$c2016
=300  \\$aonline resource (626 seconds)
=490  0\$aMedicine
=500  \\$aTitle from resource description page
=520  \\$aThis manuscript presents a simple, yet powerful, in vitro method for evaluating smooth muscle contractility in response to pharmacological agents or nerve stimulation. Main applications are drug screening and understanding tissue physiology, pharmacology, and pathology.
=521  \\$aFor undergraduate, graduate, and professional students
=546  \\$aEnglish
=650  \0$aMedicine
=856  40$uhttps://www.jove.com/video/51807
=945  \\$aThe Whole World

