=LDR  00988ngm a2200000i 4500
=001  JoVEBiology51528
=008  161201s2016\\\\xx\\\\\g\\\\\\s\\\\\eng\d
=035  \\$a(OCoLC)733445860
=040  \\$aVaAlASP$cVaAlASP
=100  1\$aFidler,Ashley
=245  12$aSonication-facilitated Immunofluorescence Staining of Late-stage Embryonic and Larval Drosophila Tissues In Situ$h[electronic resource]
=260  \\$aCambridge, MA$bMyJoVE Corp$c2016
=300  \\$aonline resource (610 seconds)
=490  0\$aBiology
=500  \\$aTitle from resource description page
=520  \\$aImmunostaining is an effective technique for visualizing specific cell types and proteins within tissues. By utilizing sonication, the protocol described here alleviates the need to dissect Drosophila melanogaster tissues from late-stage embryos and larvae before immunostaining. We provide an efficient methodology for the immunostaining of formaldehyde-fixed whole mount larvae. 
=521  \\$aFor undergraduate, graduate, and professional students
=546  \\$aEnglish
=650  \0$aBiology
=856  40$uhttps://www.jove.com/video/51528
=945  \\$aThe Whole World

