=LDR  00942ngm a2200000i 4500
=001  JoVEMedicine51419
=008  161201s2016\\\\xx\\\\\g\\\\\\s\\\\\eng\d
=035  \\$a(OCoLC)733445860
=040  \\$aVaAlASP$cVaAlASP
=100  1\$aKnaak,Jan M.
=245  12$aTechnique of Subnormothermic Ex Vivo Liver Perfusion for the Storage, Assessment, and Repair of Marginal Liver Grafts$h[electronic resource]
=260  \\$aCambridge, MA$bMyJoVE Corp$c2016
=300  \\$aonline resource (569 seconds)
=490  0\$aMedicine
=500  \\$aTitle from resource description page
=520  \\$aMarginal grafts, such as fatty livers, grafts from older donors, or livers retrieved after cardiac death (DCD) tolerate conventional, cold static storage only poorly. We developed a novel model of subnormothermic ex vivo liver perfusion for preservation, assessment, and repair of marginal liver grafts prior to transplantation.
=521  \\$aFor undergraduate, graduate, and professional students
=546  \\$aEnglish
=650  \0$aMedicine
=856  40$uhttps://www.jove.com/video/51419
=945  \\$aThe Whole World

