=LDR  00967ngm a2200000i 4500
=001  JoVEBiology51755
=008  161201s2016\\\\xx\\\\\g\\\\\\s\\\\\eng\d
=035  \\$a(OCoLC)733445860
=040  \\$aVaAlASP$cVaAlASP
=100  1\$aLim,Rebecca
=245  12$aMeasuring Respiratory Function in Mice Using Unrestrained Whole-body Plethysmography$h[electronic resource]
=260  \\$aCambridge, MA$bMyJoVE Corp$c2016
=300  \\$aonline resource (531 seconds)
=490  0\$aBiology
=500  \\$aTitle from resource description page
=520  \\$aThe assessment of respiratory physiology has traditionally relied upon techniques, which require restraint or sedation of the animal. Unrestrained whole-body plethysmography, however, provides precise, non-invasive, quantitative analysis of respiratory physiology in animal models. In addition, the technique allows repeated respiratory assessment of mice allowing for longitudinal studies.
=521  \\$aFor undergraduate, graduate, and professional students
=546  \\$aEnglish
=650  \0$aBiology
=856  40$uhttps://www.jove.com/video/51755
=945  \\$aThe Whole World

