=LDR  00984ngm a2200000i 4500
=001  JoVEMedicine51653
=008  161201s2016\\\\xx\\\\\g\\\\\\s\\\\\eng\d
=035  \\$a(OCoLC)733445860
=040  \\$aVaAlASP$cVaAlASP
=100  1\$aFishbein,Ilia
=245  12$aVascular Gene Transfer from Metallic Stent Surfaces Using Adenoviral Vectors Tethered through Hydrolysable Cross-linkers$h[electronic resource]
=260  \\$aCambridge, MA$bMyJoVE Corp$c2016
=300  \\$aonline resource (750 seconds)
=490  0\$aMedicine
=500  \\$aTitle from resource description page
=520  \\$aThese studies report on reversible attachment of adenoviral gene vectors to coatless metal surfaces of stents and model mesh disks. Sustained release of transduction-competent viral particles contingent upon hydrolysis of cross-linkers used for vector immobilization results in a durable site-specific transgene expression in vascular cells and in stented arteries. 
=521  \\$aFor undergraduate, graduate, and professional students
=546  \\$aEnglish
=650  \0$aMedicine
=856  40$uhttps://www.jove.com/video/51653
=945  \\$aThe Whole World

