=LDR  00880ngm a2200000i 4500
=001  JoVEBiology51765
=008  161201s2016\\\\xx\\\\\g\\\\\\s\\\\\eng\d
=035  \\$a(OCoLC)733445860
=040  \\$aVaAlASP$cVaAlASP
=100  1\$aAndersson-Rolf,Amanda
=245  12$aA Video Protocol of Retroviral Infection in Primary Intestinal Organoid Culture$h[electronic resource]
=260  \\$aCambridge, MA$bMyJoVE Corp$c2016
=300  \\$aonline resource (558 seconds)
=490  0\$aBiology
=500  \\$aTitle from resource description page
=520  \\$aThis protocol explains primary Lgr5-positve organoid culture and the subsequent performance of retroviral transduction. This enables Cre-inducible overexpression or knockdown of the delivered transgene and allows functional studies to be carried out in the novel in vitro organotypic model system. 
=521  \\$aFor undergraduate, graduate, and professional students
=546  \\$aEnglish
=650  \0$aBiology
=856  40$uhttps://www.jove.com/video/51765
=945  \\$aThe Whole World

