=LDR  00904ngm a2200000i 4500
=001  JoVEBiology51644
=008  161201s2016\\\\xx\\\\\g\\\\\\s\\\\\eng\d
=035  \\$a(OCoLC)733445860
=040  \\$aVaAlASP$cVaAlASP
=100  1\$aMcCampbell,Kristen K.
=245  12$aAnalysis of Nephron Composition and Function in the Adult Zebrafish Kidney$h[electronic resource]
=260  \\$aCambridge, MA$bMyJoVE Corp$c2016
=300  \\$aonline resource (533 seconds)
=490  0\$aBiology
=500  \\$aTitle from resource description page
=520  \\$aThe zebrafish adult kidney is an excellent system for renal regeneration and disease studies.  An essential aspect of such research is the assessment of nephron structure and function. This protocol describes several methodologies that can be implemented to assess nephron tubule composition and to evaluate renal reabsorption.
=521  \\$aFor undergraduate, graduate, and professional students
=546  \\$aEnglish
=650  \0$aBiology
=856  40$uhttps://www.jove.com/video/51644
=945  \\$aThe Whole World

