=LDR  01044ngm a2200000i 4500
=001  JoVEBiology51669
=008  161201s2016\\\\xx\\\\\g\\\\\\s\\\\\eng\d
=035  \\$a(OCoLC)733445860
=040  \\$aVaAlASP$cVaAlASP
=100  1\$aMalide,Daniela
=245  12$aIn vivo Clonal Tracking of Hematopoietic Stem and Progenitor Cells Marked by Five Fluorescent Proteins using Confocal and Multiphoton Microscopy$h[electronic resource]
=260  \\$aCambridge, MA$bMyJoVE Corp$c2016
=300  \\$aonline resource (1028 seconds)
=490  0\$aBiology
=500  \\$aTitle from resource description page
=520  \\$aCombinatorial 5 fluorescent proteins marking of hematopoietic stem and progenitor cells allows in vivo clonal tracking via confocal and two-photon microscopy, providing insights into bone marrow hematopoietic architecture during regeneration. This method allows non-invasive fate mapping of spectrally-coded HSPCs-derived cells in intact tissues for extensive periods of time following transplantation.

=521  \\$aFor undergraduate, graduate, and professional students
=546  \\$aEnglish
=650  \0$aBiology
=856  40$uhttps://www.jove.com/video/51669
=945  \\$aThe Whole World

