=LDR  00823ngm a2200000i 4500
=001  JoVEBiology51576
=008  161201s2016\\\\xx\\\\\g\\\\\\s\\\\\eng\d
=035  \\$a(OCoLC)733445860
=040  \\$aVaAlASP$cVaAlASP
=100  1\$aO'Brien,Jason M.
=245  12$aTransgenic Rodent Assay for Quantifying Male Germ Cell Mutant Frequency$h[electronic resource]
=260  \\$aCambridge, MA$bMyJoVE Corp$c2016
=300  \\$aonline resource (885 seconds)
=490  0\$aBiology
=500  \\$aTitle from resource description page
=520  \\$aDe novo mutations in the male germline may contribute to adverse health outcomes in subsequent generations. Here we describe a protocol for the use of a transgenic rodent model for quantifying mutations in male germ cells induced by environmental agents.
=521  \\$aFor undergraduate, graduate, and professional students
=546  \\$aEnglish
=650  \0$aBiology
=856  40$uhttps://www.jove.com/video/51576
=945  \\$aThe Whole World

