=LDR  00881ngm a2200000i 4500
=001  JoVEBiology51544
=008  161201s2016\\\\xx\\\\\g\\\\\\s\\\\\eng\d
=035  \\$a(OCoLC)733445860
=040  \\$aVaAlASP$cVaAlASP
=100  1\$aSong,Yang
=245  12$aReal-time Imaging of Single Engineered RNA Transcripts in Living Cells Using Ratiometric Bimolecular Beacons$h[electronic resource]
=260  \\$aCambridge, MA$bMyJoVE Corp$c2016
=300  \\$aonline resource (740 seconds)
=490  0\$aBiology
=500  \\$aTitle from resource description page
=520  \\$aRatiometric bimolecular beacons (RBMBs) can be used to image single engineered RNA transcripts in living cells. Here, we describe the preparation and purification of RBMBs, delivery of RBMBs into cells by microporation and fluorescent imaging of single RNA transcripts in real-time.
=521  \\$aFor undergraduate, graduate, and professional students
=546  \\$aEnglish
=650  \0$aBiology
=856  40$uhttps://www.jove.com/video/51544
=945  \\$aThe Whole World

