=LDR  00755ngm a2200000i 4500
=001  JoVEMedicine51781
=008  161201s2016\\\\xx\\\\\g\\\\\\s\\\\\eng\d
=035  \\$a(OCoLC)733445860
=040  \\$aVaAlASP$cVaAlASP
=100  1\$aRomine,Jennifer
=245  12$aControlled Cortical Impact Model for Traumatic Brain Injury$h[electronic resource]
=260  \\$aCambridge, MA$bMyJoVE Corp$c2016
=300  \\$aonline resource (330 seconds)
=490  0\$aMedicine
=500  \\$aTitle from resource description page
=520  \\$aTraumatic brain injuries (TBIs) remain a serious health problem. Using the controlled cortical impact surgery model, research on the effects of TBI and possible treatment methods may be performed.
=521  \\$aFor undergraduate, graduate, and professional students
=546  \\$aEnglish
=650  \0$aMedicine
=856  40$uhttps://www.jove.com/video/51781
=945  \\$aThe Whole World

