=LDR  00904ngm a2200000i 4500
=001  JoVEMedicine51566
=008  161201s2016\\\\xx\\\\\g\\\\\\s\\\\\eng\d
=035  \\$a(OCoLC)733445860
=040  \\$aVaAlASP$cVaAlASP
=100  1\$aPrendiville,Terence W.
=245  12$aUltrasound-guided Transthoracic Intramyocardial Injection in Mice$h[electronic resource]
=260  \\$aCambridge, MA$bMyJoVE Corp$c2016
=300  \\$aonline resource (502 seconds)
=490  0\$aMedicine
=500  \\$aTitle from resource description page
=520  \\$aEchocardiography-guided percutaneous intramyocardial injection represents an efficient, reliable, and targetable modality for the delivery of gene transfer agents or cells into the murine heart. Following the steps outlined in this protocol, the operator can quickly become competent in this versatile, minimally invasive technique.
=521  \\$aFor undergraduate, graduate, and professional students
=546  \\$aEnglish
=650  \0$aMedicine
=856  40$uhttps://www.jove.com/video/51566
=945  \\$aThe Whole World

