=LDR  00763ngm a2200000i 4500
=001  JoVEMedicine51442
=008  161201s2016\\\\xx\\\\\g\\\\\\s\\\\\eng\d
=035  \\$a(OCoLC)733445860
=040  \\$aVaAlASP$cVaAlASP
=100  1\$aHaneef,Zulfi
=245  12$aNetwork Analysis of the Default Mode Network Using Functional Connectivity MRI in Temporal Lobe Epilepsy$h[electronic resource]
=260  \\$aCambridge, MA$bMyJoVE Corp$c2016
=300  \\$aonline resource (729 seconds)
=490  0\$aMedicine
=500  \\$aTitle from resource description page
=520  \\$aThe Default Mode Network (DMN) in Temporal Lobe Epilepsy (TLE) is analyzed in the resting state of the brain using seed-based functional connectivity MRI (fcMRI).
=521  \\$aFor undergraduate, graduate, and professional students
=546  \\$aEnglish
=650  \0$aMedicine
=856  40$uhttps://www.jove.com/video/51442
=945  \\$aThe Whole World

