=LDR  00881ngm a2200000i 4500
=001  JoVEBiology51969
=008  161201s2016\\\\xx\\\\\g\\\\\\s\\\\\eng\d
=035  \\$a(OCoLC)733445860
=040  \\$aVaAlASP$cVaAlASP
=100  1\$aTakahashi,Masanori
=245  12$aPreparation of Rat Serum Suitable for Mammalian Whole Embryo Culture$h[electronic resource]
=260  \\$aCambridge, MA$bMyJoVE Corp$c2016
=300  \\$aonline resource (708 seconds)
=490  0\$aBiology
=500  \\$aTitle from resource description page
=520  \\$aMammalian whole embryo culture (WEC) is widely used in teratology and developmental biology. Immediately centrifuged rat serum is commonly provided as a medium for both mouse and rat WEC. In this video, we demonstrate our standard protocol for the preparation of high-quality rat serum suitable for mammalian WEC.
=521  \\$aFor undergraduate, graduate, and professional students
=546  \\$aEnglish
=650  \0$aBiology
=856  40$uhttps://www.jove.com/video/51969
=945  \\$aThe Whole World

