=LDR  00925ngm a2200000i 4500
=001  JoVEBiology51796
=008  161201s2016\\\\xx\\\\\g\\\\\\s\\\\\eng\d
=035  \\$a(OCoLC)733445860
=040  \\$aVaAlASP$cVaAlASP
=100  1\$aSamuel,Tamika K.
=245  12$aCulturing Caenorhabditis elegans in Axenic Liquid Media and Creation of Transgenic Worms by Microparticle Bombardment$h[electronic resource]
=260  \\$aCambridge, MA$bMyJoVE Corp$c2016
=300  \\$aonline resource (506 seconds)
=490  0\$aBiology
=500  \\$aTitle from resource description page
=520  \\$aC. elegans is usually grown on solid agar plates or in liquid cultures seeded with E. coli. To prevent bacterial byproducts from confounding toxicological and nutritional studies, we utilized an axenic liquid medium, CeHR, to grow and synchronize a large number of worms for a range of downstream applications.
=521  \\$aFor undergraduate, graduate, and professional students
=546  \\$aEnglish
=650  \0$aBiology
=856  40$uhttps://www.jove.com/video/51796
=945  \\$aThe Whole World

