=LDR  00668ngm a2200000i 4500
=001  JoVEBiology51779
=008  161201s2016\\\\xx\\\\\g\\\\\\s\\\\\eng\d
=035  \\$a(OCoLC)733445860
=040  \\$aVaAlASP$cVaAlASP
=100  1\$aAzevedo-Pouly,Ana Clara P.
=245  12$aRNA Isolation from Mouse Pancreas: A Ribonuclease-rich Tissue$h[electronic resource]
=260  \\$aCambridge, MA$bMyJoVE Corp$c2016
=300  \\$aonline resource (527 seconds)
=490  0\$aBiology
=500  \\$aTitle from resource description page
=520  \\$aWe report a procedure to isolate RNA with high integrity from the ribonuclease rich mouse pancreas.
=521  \\$aFor undergraduate, graduate, and professional students
=546  \\$aEnglish
=650  \0$aBiology
=856  40$uhttps://www.jove.com/video/51779
=945  \\$aThe Whole World

