=LDR  00893ngm a2200000i 4500
=001  JoVEMedicine51729
=008  161201s2016\\\\xx\\\\\g\\\\\\s\\\\\eng\d
=035  \\$a(OCoLC)733445860
=040  \\$aVaAlASP$cVaAlASP
=100  1\$aLlovera,Gemma
=245  12$aModeling Stroke in Mice: Permanent Coagulation of the Distal Middle Cerebral Artery$h[electronic resource]
=260  \\$aCambridge, MA$bMyJoVE Corp$c2016
=300  \\$aonline resource (494 seconds)
=490  0\$aMedicine
=500  \\$aTitle from resource description page
=520  \\$aVarious murine models of middle cerebral artery occlusion (MCAO) are widely used in experimental brain research. Here, we demonstrate the model of transcranial permanent distal MCAO which produces consistent cortical infarction of a size corresponding to damage imposed by the majority of human ischemic strokes.
=521  \\$aFor undergraduate, graduate, and professional students
=546  \\$aEnglish
=650  \0$aMedicine
=856  40$uhttps://www.jove.com/video/51729
=945  \\$aThe Whole World

