=LDR  00894ngm a2200000i 4500
=001  JoVEBiology51551
=008  161201s2016\\\\xx\\\\\g\\\\\\s\\\\\eng\d
=035  \\$a(OCoLC)733445860
=040  \\$aVaAlASP$cVaAlASP
=100  1\$aPierick,Alyson R.
=245  12$aAip1p Dynamics Are Altered by the R256H Mutation in Actin$h[electronic resource]
=260  \\$aCambridge, MA$bMyJoVE Corp$c2016
=300  \\$aonline resource (537 seconds)
=490  0\$aBiology
=500  \\$aTitle from resource description page
=520  \\$aDisease-causing mutations in actin can alter cytoskeletal function. Cytoskeletal dynamics are quantified through imaging of fluorescently tagged proteins using total internal fluorescence microscopy. As an example, the cytoskeletal protein, Aip1p, has altered localization and movement in cells expressing the mutant actin isoform, R256H.
=521  \\$aFor undergraduate, graduate, and professional students
=546  \\$aEnglish
=650  \0$aBiology
=856  40$uhttps://www.jove.com/video/51551
=945  \\$aThe Whole World

