=LDR  00886ngm a2200000i 4500
=001  JoVEBiology51464
=008  161201s2016\\\\xx\\\\\g\\\\\\s\\\\\eng\d
=035  \\$a(OCoLC)733445860
=040  \\$aVaAlASP$cVaAlASP
=100  1\$aSaez,Natalie J.
=245  12$aHigh Throughput Quantitative Expression Screening and Purification Applied to Recombinant Disulfide-rich Venom Proteins Produced in E. coli$h[electronic resource]
=260  \\$aCambridge, MA$bMyJoVE Corp$c2016
=300  \\$aonline resource (736 seconds)
=490  0\$aBiology
=500  \\$aTitle from resource description page
=520  \\$aA protocol for the quantitative, high throughput expression screening and analytical purification of fusion proteins from small-scale Escherichia coli cultures is described and applied to the expression of disulfide-rich animal venom protein targets.
=521  \\$aFor undergraduate, graduate, and professional students
=546  \\$aEnglish
=650  \0$aBiology
=856  40$uhttps://www.jove.com/video/51464
=945  \\$aThe Whole World

