=LDR  00823ngm a2200000i 4500
=001  JoVEBiology51516
=008  161201s2016\\\\xx\\\\\g\\\\\\s\\\\\eng\d
=035  \\$a(OCoLC)733445860
=040  \\$aVaAlASP$cVaAlASP
=100  1\$aCaers,Jelle
=245  12$aCharacterization of G Protein-coupled Receptors by a Fluorescence-based Calcium Mobilization Assay$h[electronic resource]
=260  \\$aCambridge, MA$bMyJoVE Corp$c2016
=300  \\$aonline resource (709 seconds)
=490  0\$aBiology
=500  \\$aTitle from resource description page
=520  \\$aThe here described fluorescence-based calcium mobilization assay is a medium-throughput reverse pharmacology screening system for the identification of functionally activating ligand(s) of orphan G protein-coupled receptors (GPCRs).
=521  \\$aFor undergraduate, graduate, and professional students
=546  \\$aEnglish
=650  \0$aBiology
=856  40$uhttps://www.jove.com/video/51516
=945  \\$aThe Whole World

