=LDR  00907ngm a2200000i 4500
=001  JoVEBiology51463
=008  161201s2016\\\\xx\\\\\g\\\\\\s\\\\\eng\d
=035  \\$a(OCoLC)733445860
=040  \\$aVaAlASP$cVaAlASP
=100  1\$aRubino,Stefano
=245  12$aCryo-electron Microscopy Specimen Preparation By Means Of a Focused Ion Beam$h[electronic resource]
=260  \\$aCambridge, MA$bMyJoVE Corp$c2016
=300  \\$aonline resource (654 seconds)
=490  0\$aBiology
=500  \\$aTitle from resource description page
=520  \\$aCryo Electron Microscopes, either Scanning (SEM) or Transmission (TEM), are widely used for characterization of biological samples or other materials with a high water content1. A SEM/Focused Ion Beam (FIB) is used to identify features of interest in samples and extract a thin, electron-transparent lamella for transfer to a cryo-TEM.
=521  \\$aFor undergraduate, graduate, and professional students
=546  \\$aEnglish
=650  \0$aBiology
=856  40$uhttps://www.jove.com/video/51463
=945  \\$aThe Whole World

