=LDR  00895ngm a2200000i 4500
=001  JoVEBiology51325
=008  161201s2016\\\\xx\\\\\g\\\\\\s\\\\\eng\d
=035  \\$a(OCoLC)733445860
=040  \\$aVaAlASP$cVaAlASP
=100  1\$aShojaii,Rushin
=245  12$aReconstruction of 3-Dimensional Histology Volume and its Application to Study Mouse Mammary Glands$h[electronic resource]
=260  \\$aCambridge, MA$bMyJoVE Corp$c2016
=300  \\$aonline resource (659 seconds)
=490  0\$aBiology
=500  \\$aTitle from resource description page
=520  \\$aWe present an image registration approach for 3-dimensional (3D) histology volume reconstruction, which facilitates the study of the changes of an organ at the level of macrostructures made up of cells . Using this approach, we studied the 3D changes between wild-type and Igfbp7-null mammary glands. 
=521  \\$aFor undergraduate, graduate, and professional students
=546  \\$aEnglish
=650  \0$aBiology
=856  40$uhttps://www.jove.com/video/51325
=945  \\$aThe Whole World

