=LDR  00907ngm a2200000i 4500
=001  JoVEBiology51317
=008  161201s2016\\\\xx\\\\\g\\\\\\s\\\\\eng\d
=035  \\$a(OCoLC)733445860
=040  \\$aVaAlASP$cVaAlASP
=100  1\$aPeaucelle,Alexis
=245  12$aAFM-based Mapping of the Elastic Properties of Cell Walls: at Tissue, Cellular, and Subcellular Resolutions$h[electronic resource]
=260  \\$aCambridge, MA$bMyJoVE Corp$c2016
=300  \\$aonline resource (626 seconds)
=490  0\$aBiology
=500  \\$aTitle from resource description page
=520  \\$aWe describe a method to map mechanical properties of plant tissues using an atomic force microscope (AFM). We focus on how to record mechanical changes that take place in cell walls during plant development at wide-field mesoscale, enabling these changes to be correlated with growth and morphogenesis.
=521  \\$aFor undergraduate, graduate, and professional students
=546  \\$aEnglish
=650  \0$aBiology
=856  40$uhttps://www.jove.com/video/51317
=945  \\$aThe Whole World

