=LDR  00962ngm a2200000i 4500
=001  JoVEBiology50307
=008  161201s2016\\\\xx\\\\\g\\\\\\s\\\\\eng\d
=035  \\$a(OCoLC)733445860
=040  \\$aVaAlASP$cVaAlASP
=100  1\$aWebb,Alexis B.
=245  12$aGeneration of Dispersed Presomitic Mesoderm Cell Cultures for Imaging of the Zebrafish Segmentation Clock in Single Cells$h[electronic resource]
=260  \\$aCambridge, MA$bMyJoVE Corp$c2016
=300  \\$aonline resource (641 seconds)
=490  0\$aBiology
=500  \\$aTitle from resource description page
=520  \\$aSomitogenesis is a rhythmic developmental process that spatially patterns the body axis of vertebrate embryos. Previously, we developed transgenic zebrafish lines that use fluorescent reporters to observe the cyclic genes that drive this process. Here, we culture dispersed cells from these lines and image their oscillations over time in vitro.
=521  \\$aFor undergraduate, graduate, and professional students
=546  \\$aEnglish
=650  \0$aBiology
=856  40$uhttps://www.jove.com/video/50307
=945  \\$aThe Whole World

