=LDR  00922ngm a2200000i 4500
=001  JoVEMedicine51695
=008  161201s2016\\\\xx\\\\\g\\\\\\s\\\\\eng\d
=035  \\$a(OCoLC)733445860
=040  \\$aVaAlASP$cVaAlASP
=100  1\$aLee,Yong-Ung
=245  12$aTransplantation of Pulmonary Valve Using a Mouse Model of Heterotopic Heart Transplantation$h[electronic resource]
=260  \\$aCambridge, MA$bMyJoVE Corp$c2016
=300  \\$aonline resource (656 seconds)
=490  0\$aMedicine
=500  \\$aTitle from resource description page
=520  \\$aIn order to understand the cellular and molecular mechanisms underlying neotissue formation and stenosis development in tissue engineered heart valves, a murine model of heterotopic heart valve transplantation was developed. A pulmonary heart valve was transplanted to recipient using the heterotopic heart transplantation technique. 
=521  \\$aFor undergraduate, graduate, and professional students
=546  \\$aEnglish
=650  \0$aMedicine
=856  40$uhttps://www.jove.com/video/51695
=945  \\$aThe Whole World

