=LDR  00863ngm a2200000i 4500
=001  JoVEBiology51662
=008  161201s2016\\\\xx\\\\\g\\\\\\s\\\\\eng\d
=035  \\$a(OCoLC)733445860
=040  \\$aVaAlASP$cVaAlASP
=100  1\$aHipp,Jason D.
=245  12$aSIVQ-LCM Protocol for the ArcturusXT Instrument$h[electronic resource]
=260  \\$aCambridge, MA$bMyJoVE Corp$c2016
=300  \\$aonline resource (457 seconds)
=490  0\$aBiology
=500  \\$aTitle from resource description page
=520  \\$aSIVQ-LCM is an innovative approach that harnesses a computer algorithm, Spatially Invariant Vector Quantization (SIVQ), to drive the laser capture microdissection (LCM) process. The SIVQ-LCM workflow greatly improves the speed and accuracy of microdissection, with applications in both the research and clinical settings.
=521  \\$aFor undergraduate, graduate, and professional students
=546  \\$aEnglish
=650  \0$aBiology
=856  40$uhttps://www.jove.com/video/51662
=945  \\$aThe Whole World

