=LDR  00894ngm a2200000i 4500
=001  JoVEBiology51712
=008  161201s2016\\\\xx\\\\\g\\\\\\s\\\\\eng\d
=035  \\$a(OCoLC)733445860
=040  \\$aVaAlASP$cVaAlASP
=100  1\$aMoshiri,Houtan
=245  12$aRNA Catalyst as a Reporter for Screening Drugs against RNA Editing in Trypanosomes$h[electronic resource]
=260  \\$aCambridge, MA$bMyJoVE Corp$c2016
=300  \\$aonline resource (559 seconds)
=490  0\$aBiology
=500  \\$aTitle from resource description page
=520  \\$aA highly sensitive ribozyme-based assay, applicable to high-throughput screening of chemicals targeting the unique process of RNA editing in trypanosomatid pathogens, is described in this paper. Inhibitors can be used as tools for hypothesis-driven analysis of the RNA editing process and ultimately as therapeutics.
=521  \\$aFor undergraduate, graduate, and professional students
=546  \\$aEnglish
=650  \0$aBiology
=856  40$uhttps://www.jove.com/video/51712
=945  \\$aThe Whole World

