=LDR  00769ngm a2200000i 4500
=001  JoVEBiology51715
=008  161201s2016\\\\xx\\\\\g\\\\\\s\\\\\eng\d
=035  \\$a(OCoLC)733445860
=040  \\$aVaAlASP$cVaAlASP
=100  1\$aRajeev,Lara
=245  12$aDNA-affinity-purified Chip (DAP-chip) Method to Determine Gene Targets for Bacterial Two component Regulatory Systems$h[electronic resource]
=260  \\$aCambridge, MA$bMyJoVE Corp$c2016
=300  \\$aonline resource (744 seconds)
=490  0\$aBiology
=500  \\$aTitle from resource description page
=520  \\$aThis video article describes an in vitro microarray based method to determine the gene targets and binding sites for two component system response regulators. 
=521  \\$aFor undergraduate, graduate, and professional students
=546  \\$aEnglish
=650  \0$aBiology
=856  40$uhttps://www.jove.com/video/51715
=945  \\$aThe Whole World

