=LDR  00908ngm a2200000i 4500
=001  JoVEMedicine51191
=008  161201s2016\\\\xx\\\\\g\\\\\\s\\\\\eng\d
=035  \\$a(OCoLC)733445860
=040  \\$aVaAlASP$cVaAlASP
=100  1\$aLi,Jianying
=245  12$aShrinkage of Dental Composite in Simulated Cavity Measured with Digital Image Correlation$h[electronic resource]
=260  \\$aCambridge, MA$bMyJoVE Corp$c2016
=300  \\$aonline resource (525 seconds)
=490  0\$aMedicine
=500  \\$aTitle from resource description page
=520  \\$aIn order to understand the spatial development of polymerization shrinkage stress in dental resin-composite restorations, Digital Image Correlation was used to provide full-field displacement/strain measurement of restored model glass cavities by correlating images of the restoration taken before and after polymerization.
=521  \\$aFor undergraduate, graduate, and professional students
=546  \\$aEnglish
=650  \0$aMedicine
=856  40$uhttps://www.jove.com/video/51191
=945  \\$aThe Whole World

