=LDR  00931ngm a2200000i 4500
=001  JoVEBiology51741
=008  161201s2016\\\\xx\\\\\g\\\\\\s\\\\\eng\d
=035  \\$a(OCoLC)733445860
=040  \\$aVaAlASP$cVaAlASP
=100  1\$aInge,Landon J.
=245  12$aAn Immunofluorescent Method for Characterization of Barrett's Esophagus Cells$h[electronic resource]
=260  \\$aCambridge, MA$bMyJoVE Corp$c2016
=300  \\$aonline resource (534 seconds)
=490  0\$aBiology
=500  \\$aTitle from resource description page
=520  \\$aThere is a discernible need for improved information on molecular drivers of Barrett's Esophagus. Immunofluorescent staining is a useful technique for understanding the effects of cell signaling on cell morphology. We present a simple, effective protocol for the use of immunofluorescent staining to assess therapeutic treatment in Barrett's Esophagus cells.
=521  \\$aFor undergraduate, graduate, and professional students
=546  \\$aEnglish
=650  \0$aBiology
=856  40$uhttps://www.jove.com/video/51741
=945  \\$aThe Whole World

