=LDR  00912ngm a2200000i 4500
=001  JoVEMedicine51093
=008  161201s2016\\\\xx\\\\\g\\\\\\s\\\\\eng\d
=035  \\$a(OCoLC)733445860
=040  \\$aVaAlASP$cVaAlASP
=100  1\$aSchularick,Nathan M.
=245  12$aPrimary Culture of Human Vestibular Schwannomas$h[electronic resource]
=260  \\$aCambridge, MA$bMyJoVE Corp$c2016
=300  \\$aonline resource (650 seconds)
=490  0\$aMedicine
=500  \\$aTitle from resource description page
=520  \\$aVestibular Schwannomas (VSs) are non-malignant tumors of Schwann cell (SC) origin, associated with mutations in the NF2 tumor suppressor gene. We report a reproducible, efficient protocol for primary human VS cell culture that allows for molecular and cellular experimental manipulation and analysis and recapitulates the heterogeneous nature of human disease.
=521  \\$aFor undergraduate, graduate, and professional students
=546  \\$aEnglish
=650  \0$aMedicine
=856  40$uhttps://www.jove.com/video/51093
=945  \\$aThe Whole World

