=LDR  00908ngm a2200000i 4500
=001  JoVEBiology51725
=008  161201s2016\\\\xx\\\\\g\\\\\\s\\\\\eng\d
=035  \\$a(OCoLC)733445860
=040  \\$aVaAlASP$cVaAlASP
=100  1\$aGreggio,Chiara
=245  12$aIn Vitro Pancreas Organogenesis from Dispersed Mouse Embryonic Progenitors$h[electronic resource]
=260  \\$aCambridge, MA$bMyJoVE Corp$c2016
=300  \\$aonline resource (515 seconds)
=490  0\$aBiology
=500  \\$aTitle from resource description page
=520  \\$aThe three-dimensional culture method described in this protocol recapitulates pancreas development from dispersed embryonic mouse pancreas progenitors, including their substantial expansion, differentiation and morphogenesis into a branched organ. This method is amenable to imaging, functional interference and manipulation of the niche.
=521  \\$aFor undergraduate, graduate, and professional students
=546  \\$aEnglish
=650  \0$aBiology
=856  40$uhttps://www.jove.com/video/51725
=945  \\$aThe Whole World

