=LDR  00922ngm a2200000i 4500
=001  JoVEBiology51007
=008  161201s2016\\\\xx\\\\\g\\\\\\s\\\\\eng\d
=035  \\$a(OCoLC)733445860
=040  \\$aVaAlASP$cVaAlASP
=100  1\$aWillingham,Kassandra
=245  12$aMilk Collection Methods for Mice and Reeves' Muntjac Deer$h[electronic resource]
=260  \\$aCambridge, MA$bMyJoVE Corp$c2016
=300  \\$aonline resource (454 seconds)
=490  0\$aBiology
=500  \\$aTitle from resource description page
=520  \\$aMilk collection from animal models facilitates various research avenues: understanding passive immunity, identifying pathogens responsible for vertical transmission and, through the use of transgenic mice, even commercial production of proteins found in human breast milk. Here we illustrate a simple method for milk collection in mice and Reeves' muntjac deer.  
=521  \\$aFor undergraduate, graduate, and professional students
=546  \\$aEnglish
=650  \0$aBiology
=856  40$uhttps://www.jove.com/video/51007
=945  \\$aThe Whole World

