=LDR  00857ngm a2200000i 4500
=001  JoVEMedicine51569
=008  161201s2016\\\\xx\\\\\g\\\\\\s\\\\\eng\d
=035  \\$a(OCoLC)733445860
=040  \\$aVaAlASP$cVaAlASP
=100  1\$aAdachi,Iki
=245  12$aImplantation of Total Artificial Heart in Congenital Heart Disease$h[electronic resource]
=260  \\$aCambridge, MA$bMyJoVE Corp$c2016
=300  \\$aonline resource (447 seconds)
=490  0\$aMedicine
=500  \\$aTitle from resource description page
=520  \\$aThis is a case report of a patient with congenitally corrected transposition of the great arteries (CCTGA) who received a total artificial heart (TAH) as a bridge to heart transplant. The TAH was successfully implanted with modifications to accommodate the patient's congenitally malformed heart.
=521  \\$aFor undergraduate, graduate, and professional students
=546  \\$aEnglish
=650  \0$aMedicine
=856  40$uhttps://www.jove.com/video/51569
=945  \\$aThe Whole World

