=LDR  00739ngm a2200000i 4500
=001  JoVEMedicine50377
=008  161201s2016\\\\xx\\\\\g\\\\\\s\\\\\eng\d
=035  \\$a(OCoLC)733445860
=040  \\$aVaAlASP$cVaAlASP
=100  1\$aTang,Daniel G.
=245  12$aImplantation of the Syncardia Total Artificial Heart$h[electronic resource]
=260  \\$aCambridge, MA$bMyJoVE Corp$c2016
=300  \\$aonline resource (971 seconds)
=490  0\$aMedicine
=500  \\$aTitle from resource description page
=520  \\$aThe purpose of this manuscript is to briefly review indications, management, and outcomes for the total artificial heart.  Video operative techniques for device implantation are presented.
=521  \\$aFor undergraduate, graduate, and professional students
=546  \\$aEnglish
=650  \0$aMedicine
=856  40$uhttps://www.jove.com/video/50377
=945  \\$aThe Whole World

