=LDR  00987ngm a2200000i 4500
=001  JoVEBiology51604
=008  161201s2016\\\\xx\\\\\g\\\\\\s\\\\\eng\d
=035  \\$a(OCoLC)733445860
=040  \\$aVaAlASP$cVaAlASP
=100  1\$aCheng,Christina N.
=245  12$aFlat Mount Preparation for Observation and Analysis of Zebrafish Embryo Specimens Stained by Whole Mount In situ Hybridization$h[electronic resource]
=260  \\$aCambridge, MA$bMyJoVE Corp$c2016
=300  \\$aonline resource (396 seconds)
=490  0\$aBiology
=500  \\$aTitle from resource description page
=520  \\$aThe zebrafish embryo is an excellent model for developmental biology research. During embryogenesis, zebrafish develop with a yolk mass, which presents three-dimensional challenges for sample observation and analysis. This protocol describes how to create two-dimensional flat mount preparations of whole mount in situ (WISH) stained zebrafish embryo specimens.
=521  \\$aFor undergraduate, graduate, and professional students
=546  \\$aEnglish
=650  \0$aBiology
=856  40$uhttps://www.jove.com/video/51604
=945  \\$aThe Whole World

