=LDR  00846ngm a2200000i 4500
=001  JoVEMedicine51608
=008  161201s2016\\\\xx\\\\\g\\\\\\s\\\\\eng\d
=035  \\$a(OCoLC)733445860
=040  \\$aVaAlASP$cVaAlASP
=100  1\$aYalcin,Ipek
=245  12$aThe Sciatic Nerve Cuffing Model of Neuropathic Pain in Mice$h[electronic resource]
=260  \\$aCambridge, MA$bMyJoVE Corp$c2016
=300  \\$aonline resource (429 seconds)
=490  0\$aMedicine
=500  \\$aTitle from resource description page
=520  \\$aNeuropathic pain is a consequence of a lesion or disease affecting the somatosensory system. The "cuff model" of neuropathic pain in mice consists of the implantation of a polyethylene cuff around the main branch of the sciatic nerve. Mechanical allodynia is tested using von Frey filaments.
=521  \\$aFor undergraduate, graduate, and professional students
=546  \\$aEnglish
=650  \0$aMedicine
=856  40$uhttps://www.jove.com/video/51608
=945  \\$aThe Whole World

