=LDR  00964ngm a2200000i 4500
=001  JoVEMedicine51452
=008  161201s2016\\\\xx\\\\\g\\\\\\s\\\\\eng\d
=035  \\$a(OCoLC)733445860
=040  \\$aVaAlASP$cVaAlASP
=100  1\$aKohman,Richie E.
=245  12$aHeterotopic Mucosal Engrafting Procedure for Direct Drug Delivery to the Brain in Mice$h[electronic resource]
=260  \\$aCambridge, MA$bMyJoVE Corp$c2016
=300  \\$aonline resource (505 seconds)
=490  0\$aMedicine
=500  \\$aTitle from resource description page
=520  \\$aA mouse model of human endoscopic skull base reconstruction has been developed that creates a semipermeable interface between the brain and nose using nasal mucosal grafts. This method allows researchers to study delivery to the central nervous system of high molecular weight therapeutics which are otherwise excluded by the blood-brain barrier when administered systemically.
=521  \\$aFor undergraduate, graduate, and professional students
=546  \\$aEnglish
=650  \0$aMedicine
=856  40$uhttps://www.jove.com/video/51452
=945  \\$aThe Whole World

