=LDR  00891ngm a2200000i 4500
=001  JoVEMedicine51403
=008  161201s2016\\\\xx\\\\\g\\\\\\s\\\\\eng\d
=035  \\$a(OCoLC)733445860
=040  \\$aVaAlASP$cVaAlASP
=100  1\$aLittle,Simon
=245  12$aControlling Parkinson's Disease With Adaptive Deep Brain Stimulation$h[electronic resource]
=260  \\$aCambridge, MA$bMyJoVE Corp$c2016
=300  \\$aonline resource (672 seconds)
=490  0\$aMedicine
=500  \\$aTitle from resource description page
=520  \\$aAdaptive deep brain stimulation (aDBS) is effective for Parkinson's disease, improving symptoms and reducing power consumption compared to conventional deep brain stimulation (cDBS). In aDBS we track a local field potential biomarker (beta oscillatory amplitude) in real time and use this to control the timing of stimulation.
=521  \\$aFor undergraduate, graduate, and professional students
=546  \\$aEnglish
=650  \0$aMedicine
=856  40$uhttps://www.jove.com/video/51403
=945  \\$aThe Whole World

