=LDR  00829ngm a2200000i 4500
=001  JoVEBiology51586
=008  161201s2016\\\\xx\\\\\g\\\\\\s\\\\\eng\d
=035  \\$a(OCoLC)733445860
=040  \\$aVaAlASP$cVaAlASP
=100  1\$aMeng,Hui
=245  12$aTissue Triage and Freezing for Models of Skeletal Muscle Disease$h[electronic resource]
=260  \\$aCambridge, MA$bMyJoVE Corp$c2016
=300  \\$aonline resource (358 seconds)
=490  0\$aBiology
=500  \\$aTitle from resource description page
=520  \\$aThe analysis of skeletal muscle tissues to determine structural, functional, and biochemical properties is greatly facilitated by appropriate preparation.  This protocol describes appropriate methods to prepare skeletal muscle tissue for a broad range of phenotyping studies.
=521  \\$aFor undergraduate, graduate, and professional students
=546  \\$aEnglish
=650  \0$aBiology
=856  40$uhttps://www.jove.com/video/51586
=945  \\$aThe Whole World

