=LDR  00845ngm a2200000i 4500
=001  JoVEBiology51752
=008  161201s2016\\\\xx\\\\\g\\\\\\s\\\\\eng\d
=035  \\$a(OCoLC)733445860
=040  \\$aVaAlASP$cVaAlASP
=100  1\$aMari,Muriel
=245  12$aNanogold Labeling of the Yeast Endosomal System for Ultrastructural Analyses$h[electronic resource]
=260  \\$aCambridge, MA$bMyJoVE Corp$c2016
=300  \\$aonline resource (589 seconds)
=490  0\$aBiology
=500  \\$aTitle from resource description page
=520  \\$aYeast, Saccharomyces cerevisiae, has been a key model organism to identify and study genes regulating the biogenesis and functions of the endosomal system. Here we present a detailed protocol for the specific labeling of the endosomal compartments for ultrastructural studies.
=521  \\$aFor undergraduate, graduate, and professional students
=546  \\$aEnglish
=650  \0$aBiology
=856  40$uhttps://www.jove.com/video/51752
=945  \\$aThe Whole World

