=LDR  00917ngm a2200000i 4500
=001  JoVEBiology51708
=008  161201s2016\\\\xx\\\\\g\\\\\\s\\\\\eng\d
=035  \\$a(OCoLC)733445860
=040  \\$aVaAlASP$cVaAlASP
=100  1\$aKroeger Jr.,Paul T.
=245  12$aProduction of Haploid Zebrafish Embryos by In Vitro Fertilization$h[electronic resource]
=260  \\$aCambridge, MA$bMyJoVE Corp$c2016
=300  \\$aonline resource (474 seconds)
=490  0\$aBiology
=500  \\$aTitle from resource description page
=520  \\$aThe zebrafish is a powerful model system for developmental biology and human disease research due to their genetic similarity with higher vertebrates. This protocol describes a methodology to create haploid zebrafish embryos that can be utilized for forward screen strategies to identify recessive mutations in genes essential for early embryogenesis.
=521  \\$aFor undergraduate, graduate, and professional students
=546  \\$aEnglish
=650  \0$aBiology
=856  40$uhttps://www.jove.com/video/51708
=945  \\$aThe Whole World

