=LDR  00958ngm a2200000i 4500
=001  JoVEMedicine51839
=008  161201s2016\\\\xx\\\\\g\\\\\\s\\\\\eng\d
=035  \\$a(OCoLC)733445860
=040  \\$aVaAlASP$cVaAlASP
=100  1\$aMorton,Russell A.
=245  12$aConstruction of Vapor Chambers Used to Expose Mice to Alcohol During the Equivalent of all Three Trimesters of Human Development$h[electronic resource]
=260  \\$aCambridge, MA$bMyJoVE Corp$c2016
=300  \\$aonline resource (927 seconds)
=490  0\$aMedicine
=500  \\$aTitle from resource description page
=520  \\$aWe demonstrate the construction of alcohol vapor chambers using readily available materials that simultaneously house 6 mouse cages. We further describe their use in a mouse model of fetal alcohol exposure equivalent to all 3 trimesters of human pregnancy. This paradigm exposes animals during gestation and postnatal days 1-12.
=521  \\$aFor undergraduate, graduate, and professional students
=546  \\$aEnglish
=650  \0$aMedicine
=856  40$uhttps://www.jove.com/video/51839
=945  \\$aThe Whole World

