=LDR  00953ngm a2200000i 4500
=001  JoVEBiology51634
=008  161201s2016\\\\xx\\\\\g\\\\\\s\\\\\eng\d
=035  \\$a(OCoLC)733445860
=040  \\$aVaAlASP$cVaAlASP
=100  1\$aRand,Matthew D.
=245  12$aA Method of Permeabilization of Drosophila Embryos for Assays of Small Molecule Activity$h[electronic resource]
=260  \\$aCambridge, MA$bMyJoVE Corp$c2016
=300  \\$aonline resource (604 seconds)
=490  0\$aBiology
=500  \\$aTitle from resource description page
=520  \\$aIntroduction of small molecules to the developing Drosophila embryo offers great potential for characterizing biological activity of novel compounds, drugs, and toxins as well as for probing fundamental developmental pathways. Methods described herein outline steps that overcome natural barriers to this approach, expanding the utility of the Drosophila embryo model.
=521  \\$aFor undergraduate, graduate, and professional students
=546  \\$aEnglish
=650  \0$aBiology
=856  40$uhttps://www.jove.com/video/51634
=945  \\$aThe Whole World

