=LDR  00942ngm a2200000i 4500
=001  JoVEBiology51553
=008  161201s2016\\\\xx\\\\\g\\\\\\s\\\\\eng\d
=035  \\$a(OCoLC)733445860
=040  \\$aVaAlASP$cVaAlASP
=100  1\$aDaniels,Danette L.
=245  12$aDiscovering Protein Interactions and Characterizing Protein Function Using HaloTag Technology$h[electronic resource]
=260  \\$aCambridge, MA$bMyJoVE Corp$c2016
=300  \\$aonline resource (676 seconds)
=490  0\$aBiology
=500  \\$aTitle from resource description page
=520  \\$aHaloTag technology is a multifunctional technology which has shown significant success in isolation of both small and large protein complexes from mammalian cells.  Here we highlight the advantages of this technology compared to existing alternatives and demonstrate its utility to study numerous aspects of protein function inside eukaryotic cells.
=521  \\$aFor undergraduate, graduate, and professional students
=546  \\$aEnglish
=650  \0$aBiology
=856  40$uhttps://www.jove.com/video/51553
=945  \\$aThe Whole World

