=LDR  00869ngm a2200000i 4500
=001  JoVEBiology51570
=008  161201s2016\\\\xx\\\\\g\\\\\\s\\\\\eng\d
=035  \\$a(OCoLC)733445860
=040  \\$aVaAlASP$cVaAlASP
=100  1\$aMcCoy,Morgan H.
=245  12$aqPCR Is a Sensitive and Rapid Method for Detection of Cytomegaloviral DNA in Formalin-fixed, Paraffin-embedded Biopsy Tissue$h[electronic resource]
=260  \\$aCambridge, MA$bMyJoVE Corp$c2016
=300  \\$aonline resource (488 seconds)
=490  0\$aBiology
=500  \\$aTitle from resource description page
=520  \\$aThis protocol describes qPCR detection of cytomegalovirus in formalin-fixed, paraffin-embedded biopsy tissue, which is rapid, sensitive, specific, and useful for interpreting equivocal hematoxylin and eosin or immunohistochemical staining patterns.
=521  \\$aFor undergraduate, graduate, and professional students
=546  \\$aEnglish
=650  \0$aBiology
=856  40$uhttps://www.jove.com/video/51570
=945  \\$aThe Whole World

