=LDR  00988ngm a2200000i 4500
=001  JoVEBiology51639
=008  161201s2016\\\\xx\\\\\g\\\\\\s\\\\\eng\d
=035  \\$a(OCoLC)733445860
=040  \\$aVaAlASP$cVaAlASP
=100  1\$aChen,Wenjin
=245  12$aHigh-throughput Image Analysis of Tumor Spheroids: A User-friendly Software Application to Measure the Size of Spheroids Automatically and Accurately$h[electronic resource]
=260  \\$aCambridge, MA$bMyJoVE Corp$c2016
=300  \\$aonline resource (519 seconds)
=490  0\$aBiology
=500  \\$aTitle from resource description page
=520  \\$aWe present a high-throughput image analysis software application to measure the size of three-dimensional tumor spheroids imaged with bright-field microscopy. This application provides a fast and effective way to examine the effects of therapeutic drugs on spheroids, which is beneficial for researchers who wish to use spheroids in drug screens.
=521  \\$aFor undergraduate, graduate, and professional students
=546  \\$aEnglish
=650  \0$aBiology
=856  40$uhttps://www.jove.com/video/51639
=945  \\$aThe Whole World

