=LDR  00648ngm a2200000i 4500
=001  JoVEMedicine51511
=008  161201s2016\\\\xx\\\\\g\\\\\\s\\\\\eng\d
=035  \\$a(OCoLC)733445860
=040  \\$aVaAlASP$cVaAlASP
=100  1\$aPlenter,Robert J.
=245  12$aMurine Heterotopic Heart Transplant Technique$h[electronic resource]
=260  \\$aCambridge, MA$bMyJoVE Corp$c2016
=300  \\$aonline resource (627 seconds)
=490  0\$aMedicine
=500  \\$aTitle from resource description page
=520  \\$aThe manuscript describes the steps required to perform the heterotopic heart transplant in the mouse.
=521  \\$aFor undergraduate, graduate, and professional students
=546  \\$aEnglish
=650  \0$aMedicine
=856  40$uhttps://www.jove.com/video/51511
=945  \\$aThe Whole World

