=LDR  00819ngm a2200000i 4500
=001  JoVEBiology51328
=008  161201s2016\\\\xx\\\\\g\\\\\\s\\\\\eng\d
=035  \\$a(OCoLC)733445860
=040  \\$aVaAlASP$cVaAlASP
=100  1\$aMugoni,Vera
=245  12$aAnalysis of Oxidative Stress in Zebrafish Embryos$h[electronic resource]
=260  \\$aCambridge, MA$bMyJoVE Corp$c2016
=300  \\$aonline resource (665 seconds)
=490  0\$aBiology
=500  \\$aTitle from resource description page
=520  \\$aHere we report a protocol to measure oxidative stress in living zebrafish embryos. This procedure allows reactive oxygen species (ROS) detection in both whole embryo tissues and single-cell populations. This protocol will accomplish both qualitative and quantitative analyses. 
=521  \\$aFor undergraduate, graduate, and professional students
=546  \\$aEnglish
=650  \0$aBiology
=856  40$uhttps://www.jove.com/video/51328
=945  \\$aThe Whole World

