=LDR  00891ngm a2200000i 4500
=001  JoVEMedicine51906
=008  161201s2016\\\\xx\\\\\g\\\\\\s\\\\\eng\d
=035  \\$a(OCoLC)733445860
=040  \\$aVaAlASP$cVaAlASP
=100  1\$aJuno,Jennifer A.
=245  12$aCollection, Isolation, and Flow Cytometric Analysis of Human Endocervical Samples$h[electronic resource]
=260  \\$aCambridge, MA$bMyJoVE Corp$c2016
=300  \\$aonline resource (754 seconds)
=490  0\$aMedicine
=500  \\$aTitle from resource description page
=520  \\$aThe use of cytobrush sampling to collect lymphocytes and monocytes from the endocervix is a minimally invasive technique that provides samples for analysis of female genital tract immunity. In this protocol, we describe the collection of cytobrush samples and immune cell isolation for flow cytometry assays. 
=521  \\$aFor undergraduate, graduate, and professional students
=546  \\$aEnglish
=650  \0$aMedicine
=856  40$uhttps://www.jove.com/video/51906
=945  \\$aThe Whole World

