=LDR  01003ngm a2200000i 4500
=001  JoVEBiology51656
=008  161201s2016\\\\xx\\\\\g\\\\\\s\\\\\eng\d
=035  \\$a(OCoLC)733445860
=040  \\$aVaAlASP$cVaAlASP
=100  1\$aEmmott,Edward
=245  12$aIdentification of Protein Interaction Partners in Mammalian Cells Using SILAC-immunoprecipitation Quantitative Proteomics$h[electronic resource]
=260  \\$aCambridge, MA$bMyJoVE Corp$c2016
=300  \\$aonline resource (773 seconds)
=490  0\$aBiology
=500  \\$aTitle from resource description page
=520  \\$aSILAC immunoprecipitation experiments represent a powerful means for discovering novel protein:protein interactions. By allowing the accurate relative quantification of protein abundance in both control and test samples, true interactions may be easily distinguished from experimental contaminants, and low affinity interactions preserved through use of less-stringent buffer conditions.
=521  \\$aFor undergraduate, graduate, and professional students
=546  \\$aEnglish
=650  \0$aBiology
=856  40$uhttps://www.jove.com/video/51656
=945  \\$aThe Whole World

