=LDR  00847ngm a2200000i 4500
=001  JoVEMedicine51660
=008  161201s2016\\\\xx\\\\\g\\\\\\s\\\\\eng\d
=035  \\$a(OCoLC)733445860
=040  \\$aVaAlASP$cVaAlASP
=100  1\$aChung,Young Rock
=245  12$aFemoral Bone Marrow Aspiration in Live Mice$h[electronic resource]
=260  \\$aCambridge, MA$bMyJoVE Corp$c2016
=300  \\$aonline resource (430 seconds)
=490  0\$aMedicine
=500  \\$aTitle from resource description page
=520  \\$aThis protocol describes a procedure for serial sampling of femoral bone marrow (BM) without requiring the sacrifice of mice. This procedure facilitates longitudinal studies of the BM composition of mice over time and provides serial access to cells within the BM for ex vivo and transplantation studies.
=521  \\$aFor undergraduate, graduate, and professional students
=546  \\$aEnglish
=650  \0$aMedicine
=856  40$uhttps://www.jove.com/video/51660
=945  \\$aThe Whole World

