=LDR  01021ngm a2200000i 4500
=001  JoVEBiology51582
=008  161201s2016\\\\xx\\\\\g\\\\\\s\\\\\eng\d
=035  \\$a(OCoLC)733445860
=040  \\$aVaAlASP$cVaAlASP
=100  1\$aKrappitz,Matteus
=245  12$aDemonstration of Proteolytic Activation of the Epithelial Sodium Channel (ENaC) by Combining Current Measurements with Detection of Cleavage Fragments$h[electronic resource]
=260  \\$aCambridge, MA$bMyJoVE Corp$c2016
=300  \\$aonline resource (536 seconds)
=490  0\$aBiology
=500  \\$aTitle from resource description page
=520  \\$aProteolytic activation of the epithelial sodium channel (ENaC) heterologously expressed in Xenopus laevis oocytes can be demonstrated by combining current measurements with a biotinylation approach to investigate the appearance of ion channel cleavage products at the cell surface. Functionally important cleavage sites can be identified by using site-directed mutagenesis.
=521  \\$aFor undergraduate, graduate, and professional students
=546  \\$aEnglish
=650  \0$aBiology
=856  40$uhttps://www.jove.com/video/51582
=945  \\$aThe Whole World

