=LDR  00895ngm a2200000i 4500
=001  JoVEMedicine51578
=008  161201s2016\\\\xx\\\\\g\\\\\\s\\\\\eng\d
=035  \\$a(OCoLC)733445860
=040  \\$aVaAlASP$cVaAlASP
=100  1\$aBartlett,Frederick R.
=245  12$aVoluntary Breath-hold Technique for Reducing Heart Dose in Left Breast Radiotherapy$h[electronic resource]
=260  \\$aCambridge, MA$bMyJoVE Corp$c2016
=300  \\$aonline resource (698 seconds)
=490  0\$aMedicine
=500  \\$aTitle from resource description page
=520  \\$aThe current priority in breast cancer radiotherapy is to reduce cardiac doses without compromising target tissue coverage. The voluntary breath-hold technique described here is a simple, inexpensive solution to this problem and capable of being instituted widely without the need for specialized equipment.
=521  \\$aFor undergraduate, graduate, and professional students
=546  \\$aEnglish
=650  \0$aMedicine
=856  40$uhttps://www.jove.com/video/51578
=945  \\$aThe Whole World

