=LDR  00842ngm a2200000i 4500
=001  JoVEMedicine51557
=008  161201s2016\\\\xx\\\\\g\\\\\\s\\\\\eng\d
=035  \\$a(OCoLC)733445860
=040  \\$aVaAlASP$cVaAlASP
=100  1\$aProhl,Annette
=245  12$aThe Bovine Lung in Biomedical Research: Visually Guided Bronchoscopy, Intrabronchial Inoculation and In Vivo Sampling Techniques$h[electronic resource]
=260  \\$aCambridge, MA$bMyJoVE Corp$c2016
=300  \\$aonline resource (541 seconds)
=490  0\$aMedicine
=500  \\$aTitle from resource description page
=520  \\$aThis article describes bronchoscopic techniques in the bovine lung under experimental conditions, i.e. bronchoscopically guided inoculation, bronchoalveolar lavage, bronchial brushing, and transbronchial lung biopsy.
=521  \\$aFor undergraduate, graduate, and professional students
=546  \\$aEnglish
=650  \0$aMedicine
=856  40$uhttps://www.jove.com/video/51557
=945  \\$aThe Whole World

