=LDR  00946ngm a2200000i 4500
=001  JoVEMedicine51439
=008  161201s2016\\\\xx\\\\\g\\\\\\s\\\\\eng\d
=035  \\$a(OCoLC)733445860
=040  \\$aVaAlASP$cVaAlASP
=100  1\$aLei,Beilei
=245  12$aIntrastriatal Injection of Autologous Blood or Clostridial Collagenase as Murine Models of Intracerebral Hemorrhage$h[electronic resource]
=260  \\$aCambridge, MA$bMyJoVE Corp$c2016
=300  \\$aonline resource (581 seconds)
=490  0\$aMedicine
=500  \\$aTitle from resource description page
=520  \\$aPreclinical models of intracerebral hemorrhage are utilized to mimic certain aspects of clinical disease. Thus, mechanisms of injury and potential therapeutic strategies may be explored. In this protocol, two models of intracerebral hemorrhage are described, intrastriatal (basal ganglia) injections of autologous blood or collagenase. 
=521  \\$aFor undergraduate, graduate, and professional students
=546  \\$aEnglish
=650  \0$aMedicine
=856  40$uhttps://www.jove.com/video/51439
=945  \\$aThe Whole World

