=LDR  01035ngm a2200000i 4500
=001  JoVEMedicine51651
=008  161201s2016\\\\xx\\\\\g\\\\\\s\\\\\eng\d
=035  \\$a(OCoLC)733445860
=040  \\$aVaAlASP$cVaAlASP
=100  1\$aPhilip,Noah S.
=245  12$aDeveloping Neuroimaging Phenotypes of the Default Mode Network in PTSD: Integrating the Resting State, Working Memory, and Structural Connectivity$h[electronic resource]
=260  \\$aCambridge, MA$bMyJoVE Corp$c2016
=300  \\$aonline resource (643 seconds)
=490  0\$aMedicine
=500  \\$aTitle from resource description page
=520  \\$aThis protocol describes the complementary neuroimaging techniques of resting state structural connectivity, task-induced deactivation, and structural connectivity analyses to examine the default network in post-traumatic stress disorder. The use of synergistic methods could potentially lead to improved diagnostics and assessments of severity, outcome, and other relevant clinical factors.
=521  \\$aFor undergraduate, graduate, and professional students
=546  \\$aEnglish
=650  \0$aMedicine
=856  40$uhttps://www.jove.com/video/51651
=945  \\$aThe Whole World

