=LDR  00842ngm a2200000i 4500
=001  JoVEBiology51552
=008  161201s2016\\\\xx\\\\\g\\\\\\s\\\\\eng\d
=035  \\$a(OCoLC)733445860
=040  \\$aVaAlASP$cVaAlASP
=100  1\$aKandasamy,Kathirvel
=245  12$aQuantifying Single Microvessel Permeability in Isolated Blood-perfused Rat Lung Preparation$h[electronic resource]
=260  \\$aCambridge, MA$bMyJoVE Corp$c2016
=300  \\$aonline resource (442 seconds)
=490  0\$aBiology
=500  \\$aTitle from resource description page
=520  \\$aThe isolated blood-perfused lung preparation makes it feasible to visualize microvessel networks on the lung surface. Here we describe an approach to quantify permeability of single microvessels in isolated lungs using real time fluorescence imaging.
=521  \\$aFor undergraduate, graduate, and professional students
=546  \\$aEnglish
=650  \0$aBiology
=856  40$uhttps://www.jove.com/video/51552
=945  \\$aThe Whole World

