=LDR  00966ngm a2200000i 4500
=001  JoVEMedicine51318
=008  161201s2016\\\\xx\\\\\g\\\\\\s\\\\\eng\d
=035  \\$a(OCoLC)733445860
=040  \\$aVaAlASP$cVaAlASP
=100  1\$aRudick,Richard A.
=245  12$aThe Multiple Sclerosis Performance Test (MSPT): An iPad-Based Disability Assessment Tool$h[electronic resource]
=260  \\$aCambridge, MA$bMyJoVE Corp$c2016
=300  \\$aonline resource (695 seconds)
=490  0\$aMedicine
=500  \\$aTitle from resource description page
=520  \\$aPrecise measurement of neurological and neuropsychological impairment and disability in multiple sclerosis is challenging. We report methodologic details on a new test, the Multiple Sclerosis Performance Test (MSPT). This new approach to the objective of quantification of MS related disability provides a computer-based platform for precise, valid measurement of MS severity.
=521  \\$aFor undergraduate, graduate, and professional students
=546  \\$aEnglish
=650  \0$aMedicine
=856  40$uhttps://www.jove.com/video/51318
=945  \\$aThe Whole World

