=LDR  00943ngm a2200000i 4500
=001  JoVEMedicine50983
=008  161201s2016\\\\xx\\\\\g\\\\\\s\\\\\eng\d
=035  \\$a(OCoLC)733445860
=040  \\$aVaAlASP$cVaAlASP
=100  1\$aGS,Ajith Kumar
=245  12$aAscending Aortic Constriction in Rats for Creation of Pressure Overload Cardiac Hypertrophy Model$h[electronic resource]
=260  \\$aCambridge, MA$bMyJoVE Corp$c2016
=300  \\$aonline resource (618 seconds)
=490  0\$aMedicine
=500  \\$aTitle from resource description page
=520  \\$aWe describe a stepwise procedure for creating pressure overload and left ventricular hypertrophy in Wistar rats by constriction of the ascending aorta using a small metallic clip. This model is extensively used for studying remodeling changes during cardiac hypertrophy and for identifying and evaluating strategies for regression of such changes.
=521  \\$aFor undergraduate, graduate, and professional students
=546  \\$aEnglish
=650  \0$aMedicine
=856  40$uhttps://www.jove.com/video/50983
=945  \\$aThe Whole World

