=LDR  00805ngm a2200000i 4500
=001  JoVEBiology51667
=008  161201s2016\\\\xx\\\\\g\\\\\\s\\\\\eng\d
=035  \\$a(OCoLC)733445860
=040  \\$aVaAlASP$cVaAlASP
=100  1\$aLe,Tung T.
=245  12$aStudying DNA Looping by Single-Molecule FRET$h[electronic resource]
=260  \\$aCambridge, MA$bMyJoVE Corp$c2016
=300  \\$aonline resource (687 seconds)
=490  0\$aBiology
=500  \\$aTitle from resource description page
=520  \\$aThis study presents a detailed experimental procedure to measure looping dynamics of double-stranded DNA using single-molecule Fluorescence Resonance Energy Transfer (FRET). The protocol also describes how to extract the looping probability density called the J factor.
=521  \\$aFor undergraduate, graduate, and professional students
=546  \\$aEnglish
=650  \0$aBiology
=856  40$uhttps://www.jove.com/video/51667
=945  \\$aThe Whole World

