=LDR  00995ngm a2200000i 4500
=001  JoVEMedicine51278
=008  161201s2016\\\\xx\\\\\g\\\\\\s\\\\\eng\d
=035  \\$a(OCoLC)733445860
=040  \\$aVaAlASP$cVaAlASP
=100  1\$aMolino,Yves
=245  12$aSetting-up an In Vitro Model of Rat Blood-brain Barrier (BBB): A Focus on BBB Impermeability and Receptor-mediated Transport$h[electronic resource]
=260  \\$aCambridge, MA$bMyJoVE Corp$c2016
=300  \\$aonline resource (986 seconds)
=490  0\$aMedicine
=500  \\$aTitle from resource description page
=520  \\$aThe aim of the present study was to validate the reproducibility of an in vitro BBB model involving a rat syngeneic co-culture of endothelial cells and astrocytes. The endothelial cell monolayer presented high TEER and low LY permeability. Expression of specific TJ proteins, functional responses to inflammation and functionality of transporters and receptors were assessed.
=521  \\$aFor undergraduate, graduate, and professional students
=546  \\$aEnglish
=650  \0$aMedicine
=856  40$uhttps://www.jove.com/video/51278
=945  \\$aThe Whole World

