=LDR  00938ngm a2200000i 4500
=001  JoVEBiology51543
=008  161201s2016\\\\xx\\\\\g\\\\\\s\\\\\eng\d
=035  \\$a(OCoLC)733445860
=040  \\$aVaAlASP$cVaAlASP
=100  1\$aGabriel,Richard
=245  12$aLinear Amplification Mediated PCR - Localization of Genetic Elements and Characterization of Unknown Flanking DNA$h[electronic resource]
=260  \\$aCambridge, MA$bMyJoVE Corp$c2016
=300  \\$aonline resource (718 seconds)
=490  0\$aBiology
=500  \\$aTitle from resource description page
=520  \\$aLinear-amplification mediated (LAM)-PCR is a method developed to identify the exact positions of integrating viral vectors in the genome. The technique has evolved to be the superior method to study clonal dynamics in gene therapy patients, biosafety of novel vector technologies, T-cell diversity, cancer stem cell models, etc.
=521  \\$aFor undergraduate, graduate, and professional students
=546  \\$aEnglish
=650  \0$aBiology
=856  40$uhttps://www.jove.com/video/51543
=945  \\$aThe Whole World

