=LDR  00955ngm a2200000i 4500
=001  JoVEBiology50374
=008  161201s2016\\\\xx\\\\\g\\\\\\s\\\\\eng\d
=035  \\$a(OCoLC)733445860
=040  \\$aVaAlASP$cVaAlASP
=100  1\$aNeuman,Joshua C.
=245  12$aA Method for Mouse Pancreatic Islet Isolation and Intracellular cAMP Determination$h[electronic resource]
=260  \\$aCambridge, MA$bMyJoVE Corp$c2016
=300  \\$aonline resource (753 seconds)
=490  0\$aBiology
=500  \\$aTitle from resource description page
=520  \\$aAssaying in vitro β-cell function using isolated mouse islets of Langerhans is an important component in the study of diabetes pathophysiology and therapeutics. While many downstream applications are available, this protocol specifically describes the measurement of intracellular cyclic adenosine monophosphate (cAMP) as an essential parameter determining β-cell function.
=521  \\$aFor undergraduate, graduate, and professional students
=546  \\$aEnglish
=650  \0$aBiology
=856  40$uhttps://www.jove.com/video/50374
=945  \\$aThe Whole World

