=LDR  00886ngm a2200000i 4500
=001  JoVEBiology51681
=008  161201s2016\\\\xx\\\\\g\\\\\\s\\\\\eng\d
=035  \\$a(OCoLC)733445860
=040  \\$aVaAlASP$cVaAlASP
=100  1\$aYatsenko,Andriy S.
=245  12$aMeasurement of Metabolic Rate in Drosophila using Respirometry$h[electronic resource]
=260  \\$aCambridge, MA$bMyJoVE Corp$c2016
=300  \\$aonline resource (271 seconds)
=490  0\$aBiology
=500  \\$aTitle from resource description page
=520  \\$aMetabolic disorders are among one of the most common diseases in humans. The genetically tractable model organism D. melanogaster can be used to identify novel genes that regulate metabolism. This paper describes a relatively simple method which allows studying the metabolic rate in flies by measuring their CO2 production.
=521  \\$aFor undergraduate, graduate, and professional students
=546  \\$aEnglish
=650  \0$aBiology
=856  40$uhttps://www.jove.com/video/51681
=945  \\$aThe Whole World

