=LDR  00910ngm a2200000i 4500
=001  JoVEBiology51666
=008  161201s2016\\\\xx\\\\\g\\\\\\s\\\\\eng\d
=035  \\$a(OCoLC)733445860
=040  \\$aVaAlASP$cVaAlASP
=100  1\$aSakurai,Takashi
=245  12$aLive Cell Imaging of Primary Rat Neonatal Cardiomyocytes Following Adenoviral and Lentiviral Transduction Using Confocal Spinning Disk Microscopy$h[electronic resource]
=260  \\$aCambridge, MA$bMyJoVE Corp$c2016
=300  \\$aonline resource (816 seconds)
=490  0\$aBiology
=500  \\$aTitle from resource description page
=520  \\$aThis protocol describes a method of live cell imaging using primary rat neonatal cardiomyocytes following lentiviral and adenoviral transduction using confocal spinning disk microscopy. This enables detailed observations of cellular processes in living cardiomyocytes.
=521  \\$aFor undergraduate, graduate, and professional students
=546  \\$aEnglish
=650  \0$aBiology
=856  40$uhttps://www.jove.com/video/51666
=945  \\$aThe Whole World

