=LDR  00837ngm a2200000i 4500
=001  JoVEBiology51589
=008  161201s2016\\\\xx\\\\\g\\\\\\s\\\\\eng\d
=035  \\$a(OCoLC)733445860
=040  \\$aVaAlASP$cVaAlASP
=100  1\$aGreene,Whitney A.
=245  12$aMicroRNA Expression Profiles of Human iPS Cells, Retinal Pigment Epithelium Derived From iPS, and Fetal Retinal Pigment Epithelium$h[electronic resource]
=260  \\$aCambridge, MA$bMyJoVE Corp$c2016
=300  \\$aonline resource (619 seconds)
=490  0\$aBiology
=500  \\$aTitle from resource description page
=520  \\$aThe microRNA (miRNA) profiles of human induced-pluripotent stem (iPS) cells, retinal pigment epithelium (RPE) derived from human induced-pluripotent stem (iPS) cells (iPS-RPE), and fetal RPE, were compared.  
=521  \\$aFor undergraduate, graduate, and professional students
=546  \\$aEnglish
=650  \0$aBiology
=856  40$uhttps://www.jove.com/video/51589
=945  \\$aThe Whole World

