=LDR  00751ngm a2200000i 4500
=001  JoVEMedicine51423
=008  161201s2016\\\\xx\\\\\g\\\\\\s\\\\\eng\d
=035  \\$a(OCoLC)733445860
=040  \\$aVaAlASP$cVaAlASP
=100  1\$aWang,Chuanmin
=245  12$aA Modified Method for Heterotopic Mouse Heart Transplantion$h[electronic resource]
=260  \\$aCambridge, MA$bMyJoVE Corp$c2016
=300  \\$aonline resource (689 seconds)
=490  0\$aMedicine
=500  \\$aTitle from resource description page
=520  \\$aA technique is demonstrated for the microsurgical procedure for heterotopic transplantation of hearts in mice, including simplified methods for donor harvesting and recipient vessel anastomosis.
=521  \\$aFor undergraduate, graduate, and professional students
=546  \\$aEnglish
=650  \0$aMedicine
=856  40$uhttps://www.jove.com/video/51423
=945  \\$aThe Whole World

