=LDR  00901ngm a2200000i 4500
=001  JoVEBiology51211
=008  161201s2016\\\\xx\\\\\g\\\\\\s\\\\\eng\d
=035  \\$a(OCoLC)733445860
=040  \\$aVaAlASP$cVaAlASP
=100  1\$aBuchner,Carol
=245  12$aAnti-Nuclear Antibody Screening Using HEp-2 Cells$h[electronic resource]
=260  \\$aCambridge, MA$bMyJoVE Corp$c2016
=300  \\$aonline resource (780 seconds)
=490  0\$aBiology
=500  \\$aTitle from resource description page
=520  \\$aIndirect immunofluorescent (IIF) assays have traditionally been used for the detection of antinuclear antibodies (ANA) in human serum. The presence of these antibodies can aid in the diagnosis of systemic autoimmune rheumatic diseases (SARD). This protocol demonstrates how to effectively perform the IIF technique to accurately detect these autoantibodies.
=521  \\$aFor undergraduate, graduate, and professional students
=546  \\$aEnglish
=650  \0$aBiology
=856  40$uhttps://www.jove.com/video/51211
=945  \\$aThe Whole World

