=LDR  00725ngm a2200000i 4500
=001  JoVEBiology51698
=008  161201s2016\\\\xx\\\\\g\\\\\\s\\\\\eng\d
=035  \\$a(OCoLC)733445860
=040  \\$aVaAlASP$cVaAlASP
=100  1\$avan Iersel,Sander
=245  12$aEffect of Male Accessory Gland Products on Egg Laying in Gastropod Molluscs$h[electronic resource]
=260  \\$aCambridge, MA$bMyJoVE Corp$c2016
=300  \\$aonline resource (919 seconds)
=490  0\$aBiology
=500  \\$aTitle from resource description page
=520  \\$aThis video protocol demonstrates a method to study effects of seminal fluid in gastropods, using the hermaphroditic freshwater snail Lymnaea stagnalis.
=521  \\$aFor undergraduate, graduate, and professional students
=546  \\$aEnglish
=650  \0$aBiology
=856  40$uhttps://www.jove.com/video/51698
=945  \\$aThe Whole World

