=LDR  00838ngm a2200000i 4500
=001  JoVEBiology51596
=008  161201s2016\\\\xx\\\\\g\\\\\\s\\\\\eng\d
=035  \\$a(OCoLC)733445860
=040  \\$aVaAlASP$cVaAlASP
=100  1\$aMurray,Jessica R.
=245  12$aDissection and Downstream Analysis of Zebra Finch Embryos at Early Stages of Development$h[electronic resource]
=260  \\$aCambridge, MA$bMyJoVE Corp$c2016
=300  \\$aonline resource (563 seconds)
=490  0\$aBiology
=500  \\$aTitle from resource description page
=520  \\$aThe zebra finch (Taeniopygiaguttata) is a valuable model organism; however, early stages of zebra finch development  have not been extensively studied. The protocol describes how to dissect early embryos for  developmental and molecular applications. 
=521  \\$aFor undergraduate, graduate, and professional students
=546  \\$aEnglish
=650  \0$aBiology
=856  40$uhttps://www.jove.com/video/51596
=945  \\$aThe Whole World

