=LDR  00909ngm a2200000i 4500
=001  JoVEBiology51243
=008  161201s2016\\\\xx\\\\\g\\\\\\s\\\\\eng\d
=035  \\$a(OCoLC)733445860
=040  \\$aVaAlASP$cVaAlASP
=100  1\$aAlbini,Sonia
=245  12$aGeneration of Myospheres From hESCs by Epigenetic Reprogramming$h[electronic resource]
=260  \\$aCambridge, MA$bMyJoVE Corp$c2016
=300  \\$aonline resource (572 seconds)
=490  0\$aBiology
=500  \\$aTitle from resource description page
=520  \\$aHere, we describe a protocol based on epigenetic reprogramming of human embryonic stem cells (hESCs) toward generating a homogeneous population of skeletal muscle progenitors that under permissive culture conditions form three-dimensional clusters of contractile myofibers (myospheres), which recapitulate biological features of human skeletal muscles.
=521  \\$aFor undergraduate, graduate, and professional students
=546  \\$aEnglish
=650  \0$aBiology
=856  40$uhttps://www.jove.com/video/51243
=945  \\$aThe Whole World

