=LDR  00952ngm a2200000i 4500
=001  JoVEMedicine51654
=008  161201s2016\\\\xx\\\\\g\\\\\\s\\\\\eng\d
=035  \\$a(OCoLC)733445860
=040  \\$aVaAlASP$cVaAlASP
=100  1\$aMassilamany,Chandirasegaran
=245  12$aNoninvasive Assessment of Cardiac Abnormalities in Experimental Autoimmune Myocarditis by Magnetic Resonance Microscopy Imaging in the Mouse$h[electronic resource]
=260  \\$aCambridge, MA$bMyJoVE Corp$c2016
=300  \\$aonline resource (744 seconds)
=490  0\$aMedicine
=500  \\$aTitle from resource description page
=520  \\$aThis study demonstrates the successful establishment of magnetic resonance microscopy imaging as a non-invasive tool to assess the cardiac abnormalities in mice affected with autoimmune myocarditis.  The data indicate that the technique can be used to monitor the disease-progression in live animals.
=521  \\$aFor undergraduate, graduate, and professional students
=546  \\$aEnglish
=650  \0$aMedicine
=856  40$uhttps://www.jove.com/video/51654
=945  \\$aThe Whole World

