=LDR  00947ngm a2200000i 4500
=001  JoVEBiology51530
=008  161201s2016\\\\xx\\\\\g\\\\\\s\\\\\eng\d
=035  \\$a(OCoLC)733445860
=040  \\$aVaAlASP$cVaAlASP
=100  1\$aShe,Wenjing
=245  12$aAn Efficient Method for Quantitative, Single-cell Analysis of Chromatin Modification and Nuclear Architecture in Whole-mount Ovules in Arabidopsis$h[electronic resource]
=260  \\$aCambridge, MA$bMyJoVE Corp$c2016
=300  \\$aonline resource (573 seconds)
=490  0\$aBiology
=500  \\$aTitle from resource description page
=520  \\$aWe provide here an efficient and reliable protocol for immunostaining, Fluorescence in situ Hybridization, DNA staining followed by quantitative, high-resolution imaging in whole-mount Arabidopsis thaliana ovules. This method was successfully used to analyze chromatin modifications and nuclear architecture.
=521  \\$aFor undergraduate, graduate, and professional students
=546  \\$aEnglish
=650  \0$aBiology
=856  40$uhttps://www.jove.com/video/51530
=945  \\$aThe Whole World

