=LDR  00859ngm a2200000i 4500
=001  JoVEBiology51443
=008  161201s2016\\\\xx\\\\\g\\\\\\s\\\\\eng\d
=035  \\$a(OCoLC)733445860
=040  \\$aVaAlASP$cVaAlASP
=100  1\$aKhoury,Samantha
=245  12$aIsolation of Small Noncoding RNAs from Human Serum$h[electronic resource]
=260  \\$aCambridge, MA$bMyJoVE Corp$c2016
=300  \\$aonline resource (404 seconds)
=490  0\$aBiology
=500  \\$aTitle from resource description page
=520  \\$aThis protocol describes a method for extracting small RNAs from human serum. We have used this method to isolate microRNAs from cancer serum for use in DNA arrays and also singleplex quantitative PCR. The protocol utilizes phenol and guanidinium thiocyanate reagents with modifications to yield high quality RNA.
=521  \\$aFor undergraduate, graduate, and professional students
=546  \\$aEnglish
=650  \0$aBiology
=856  40$uhttps://www.jove.com/video/51443
=945  \\$aThe Whole World

