=LDR  00788ngm a2200000i 4500
=001  JoVEBiology51425
=008  161201s2016\\\\xx\\\\\g\\\\\\s\\\\\eng\d
=035  \\$a(OCoLC)733445860
=040  \\$aVaAlASP$cVaAlASP
=100  1\$aChen,Tony W.
=245  12$aReconstitution Of β-catenin Degradation In Xenopus Egg Extract$h[electronic resource]
=260  \\$aCambridge, MA$bMyJoVE Corp$c2016
=300  \\$aonline resource (581 seconds)
=490  0\$aBiology
=500  \\$aTitle from resource description page
=520  \\$aA method is described for analyzing protein degradation using radiolabeled and luciferase-fusion proteins in Xenopus egg extract and its adaptation for high-throughput screening for small molecule modulators of protein degradation.
=521  \\$aFor undergraduate, graduate, and professional students
=546  \\$aEnglish
=650  \0$aBiology
=856  40$uhttps://www.jove.com/video/51425
=945  \\$aThe Whole World

