=LDR  00870ngm a2200000i 4500
=001  JoVEBiology51595
=008  161201s2016\\\\xx\\\\\g\\\\\\s\\\\\eng\d
=035  \\$a(OCoLC)733445860
=040  \\$aVaAlASP$cVaAlASP
=100  1\$aKonantz,Judith
=245  12$aReverse Genetic Morpholino Approach Using Cardiac Ventricular Injection to Transfect Multiple Difficult-to-target Tissues in the Zebrafish Larva$h[electronic resource]
=260  \\$aCambridge, MA$bMyJoVE Corp$c2016
=300  \\$aonline resource (502 seconds)
=490  0\$aBiology
=500  \\$aTitle from resource description page
=520  \\$aAn adaptable reverse genetic method for zebrafish to assess gene function during later stages of development and physiological homeostasis such as tissue regeneration using intraventricular injections of gene-specific morpholinos.
=521  \\$aFor undergraduate, graduate, and professional students
=546  \\$aEnglish
=650  \0$aBiology
=856  40$uhttps://www.jove.com/video/51595
=945  \\$aThe Whole World

