=LDR  00876ngm a2200000i 4500
=001  JoVEBiology51560
=008  161201s2016\\\\xx\\\\\g\\\\\\s\\\\\eng\d
=035  \\$a(OCoLC)733445860
=040  \\$aVaAlASP$cVaAlASP
=100  1\$aFrancis,Michael
=245  12$aAutomated Analysis of Dynamic Ca2+ Signals in Image Sequences$h[electronic resource]
=260  \\$aCambridge, MA$bMyJoVE Corp$c2016
=300  \\$aonline resource (409 seconds)
=490  0\$aBiology
=500  \\$aTitle from resource description page
=520  \\$aHere a novel region of interest analysis protocol based on sorting best-fit ellipses assigned to regions of positive signal within two-dimensional time lapse image sequences is demonstrated. This algorithm may enable investigators to comprehensively analyze physiological Ca2+ signals with minimal user input and bias.
=521  \\$aFor undergraduate, graduate, and professional students
=546  \\$aEnglish
=650  \0$aBiology
=856  40$uhttps://www.jove.com/video/51560
=945  \\$aThe Whole World

