=LDR  00839ngm a2200000i 4500
=001  JoVEMedicine51478
=008  161201s2016\\\\xx\\\\\g\\\\\\s\\\\\eng\d
=035  \\$a(OCoLC)733445860
=040  \\$aVaAlASP$cVaAlASP
=100  1\$aJablonski,Kristen L.
=245  12$aAssessment of Vascular Function in Patients With Chronic Kidney Disease$h[electronic resource]
=260  \\$aCambridge, MA$bMyJoVE Corp$c2016
=300  \\$aonline resource (530 seconds)
=490  0\$aMedicine
=500  \\$aTitle from resource description page
=520  \\$aThe degree of vascular dysfunction and contributing physiological mechanisms can be assessed in patients with chronic kidney disease by measuring brachial artery flow-mediated dilation, aortic pulse-wave velocity, and vascular endothelial cell protein expression.
=521  \\$aFor undergraduate, graduate, and professional students
=546  \\$aEnglish
=650  \0$aMedicine
=856  40$uhttps://www.jove.com/video/51478
=945  \\$aThe Whole World

