=LDR  00953ngm a2200000i 4500
=001  JoVEBiology51628
=008  161201s2016\\\\xx\\\\\g\\\\\\s\\\\\eng\d
=035  \\$a(OCoLC)733445860
=040  \\$aVaAlASP$cVaAlASP
=100  1\$aBarakat,Tahsin Stefan
=245  12$aCombined DNA-RNA Fluorescent In situ Hybridization (FISH) to Study X Chromosome Inactivation in Differentiated Female Mouse Embryonic Stem Cells$h[electronic resource]
=260  \\$aCambridge, MA$bMyJoVE Corp$c2016
=300  \\$aonline resource (954 seconds)
=490  0\$aBiology
=500  \\$aTitle from resource description page
=520  \\$aFluorescent in situ hybridization (FISH) allows the detection of nucleic acids in their native environment within cells. We here describe a protocol for the combined, simultaneous detection of RNA and DNA by means of FISH, which can be used to study X chromosome inactivation in mouse embryonic stem cells.
=521  \\$aFor undergraduate, graduate, and professional students
=546  \\$aEnglish
=650  \0$aBiology
=856  40$uhttps://www.jove.com/video/51628
=945  \\$aThe Whole World

