=LDR  00856ngm a2200000i 4500
=001  JoVEMedicine51671
=008  161201s2016\\\\xx\\\\\g\\\\\\s\\\\\eng\d
=035  \\$a(OCoLC)733445860
=040  \\$aVaAlASP$cVaAlASP
=100  1\$aSchechter,Matthew A.
=245  12$aAn Isolated Working Heart System for Large Animal Models$h[electronic resource]
=260  \\$aCambridge, MA$bMyJoVE Corp$c2016
=300  \\$aonline resource (585 seconds)
=490  0\$aMedicine
=500  \\$aTitle from resource description page
=520  \\$aMost studies involving the Langendorff apparatus use small animal models due to the increased complexity of systems for larger mammals. We describe a Langendorff system for large animal models that allows for use across a range of species, including humans, and relatively easy data acquisition.
=521  \\$aFor undergraduate, graduate, and professional students
=546  \\$aEnglish
=650  \0$aMedicine
=856  40$uhttps://www.jove.com/video/51671
=945  \\$aThe Whole World

