=LDR  00890ngm a2200000i 4500
=001  JoVEMedicine51658
=008  161201s2016\\\\xx\\\\\g\\\\\\s\\\\\eng\d
=035  \\$a(OCoLC)733445860
=040  \\$aVaAlASP$cVaAlASP
=100  1\$aSolga,Steven F.
=245  12$aFast and Accurate Exhaled Breath Ammonia Measurement$h[electronic resource]
=260  \\$aCambridge, MA$bMyJoVE Corp$c2016
=300  \\$aonline resource (387 seconds)
=490  0\$aMedicine
=500  \\$aTitle from resource description page
=520  \\$aAmmonia is an important physiologic metabolite relevant to various disease and wellness states. It is also a difficult molecule to measure in breath, which demands particular precautions be taken to obtain accurate results. Not all factors influencing ammonia are known, but progress can be difficult without accounting for these factors.
=521  \\$aFor undergraduate, graduate, and professional students
=546  \\$aEnglish
=650  \0$aMedicine
=856  40$uhttps://www.jove.com/video/51658
=945  \\$aThe Whole World

