=LDR  00916ngm a2200000i 4500
=001  JoVEMedicine51341
=008  161201s2016\\\\xx\\\\\g\\\\\\s\\\\\eng\d
=035  \\$a(OCoLC)733445860
=040  \\$aVaAlASP$cVaAlASP
=100  1\$aCvetković,Donna
=245  12$aQuantification of Breast Cancer Cell Invasiveness Using a Three-dimensional (3D) Model$h[electronic resource]
=260  \\$aCambridge, MA$bMyJoVE Corp$c2016
=300  \\$aonline resource (488 seconds)
=490  0\$aMedicine
=500  \\$aTitle from resource description page
=520  \\$aThis article provides detailed methodologies for the use of three-dimensional (3D) assays to quantify breast cancer cell invasion. Specifically, we discuss the procedures required to set up such assays, quantification, and data analysis, as well as methods to examine the loss of membrane integrity that occurs when cells invade.
=521  \\$aFor undergraduate, graduate, and professional students
=546  \\$aEnglish
=650  \0$aMedicine
=856  40$uhttps://www.jove.com/video/51341
=945  \\$aThe Whole World

