=LDR  00901ngm a2200000i 4500
=001  JoVEBiology51629
=008  161201s2016\\\\xx\\\\\g\\\\\\s\\\\\eng\d
=035  \\$a(OCoLC)733445860
=040  \\$aVaAlASP$cVaAlASP
=100  1\$aMaki,Bruce A.
=245  12$aOne-channel Cell-attached Patch-clamp Recording$h[electronic resource]
=260  \\$aCambridge, MA$bMyJoVE Corp$c2016
=300  \\$aonline resource (787 seconds)
=490  0\$aBiology
=500  \\$aTitle from resource description page
=520  \\$aDescribed here is a procedure for obtaining long stretches of current recording from one ion channel with the cell-attached patch-clamp technique. This method allows for observing, in real time, the pattern of open-close channel conformations that underlie the biological signal. These data inform about channel properties in undisturbed biological membranes.
=521  \\$aFor undergraduate, graduate, and professional students
=546  \\$aEnglish
=650  \0$aBiology
=856  40$uhttps://www.jove.com/video/51629
=945  \\$aThe Whole World

