=LDR  01048ngm a2200000i 4500
=001  JoVEBiology51583
=008  161201s2016\\\\xx\\\\\g\\\\\\s\\\\\eng\d
=035  \\$a(OCoLC)733445860
=040  \\$aVaAlASP$cVaAlASP
=100  1\$aMacEwan,Sarah R.
=245  12$aNon-chromatographic Purification of Recombinant Elastin-like Polypeptides and their Fusions with Peptides and Proteins from Escherichia coli$h[electronic resource]
=260  \\$aCambridge, MA$bMyJoVE Corp$c2016
=300  \\$aonline resource (455 seconds)
=490  0\$aBiology
=500  \\$aTitle from resource description page
=520  \\$aElastin-like polypeptides are stimulus-responsive biopolymers with applications ranging from recombinant protein purification to drug delivery. This protocol describes the purification and characterization of elastin-like polypeptides and their peptide or protein fusions from Escherichia coli using their lower critical solution temperature phase transition behavior as a simple alternative to chromatography.
=521  \\$aFor undergraduate, graduate, and professional students
=546  \\$aEnglish
=650  \0$aBiology
=856  40$uhttps://www.jove.com/video/51583
=945  \\$aThe Whole World

