=LDR  00974ngm a2200000i 4500
=001  JoVEMedicine51810
=008  161201s2016\\\\xx\\\\\g\\\\\\s\\\\\eng\d
=035  \\$a(OCoLC)733445860
=040  \\$aVaAlASP$cVaAlASP
=100  1\$aWu,Dennis J.
=245  12$aA Novel in vivo Gene Transfer Technique and in vitro Cell Based Assays for the Study of Bone Loss in Musculoskeletal Disorders$h[electronic resource]
=260  \\$aCambridge, MA$bMyJoVE Corp$c2016
=300  \\$aonline resource (707 seconds)
=490  0\$aMedicine
=500  \\$aTitle from resource description page
=520  \\$aDifferentiation of precursor cells into osteoclasts is regulated by cytokines and growth factors. Here, a novel gene transfer technique for differentiation of osteoclasts in vivo and cell culture protocols for differentiating precursor cells into osteoclasts in vitro as a method to study the effects of cytokines on osteoclastogenesis are described. 
=521  \\$aFor undergraduate, graduate, and professional students
=546  \\$aEnglish
=650  \0$aMedicine
=856  40$uhttps://www.jove.com/video/51810
=945  \\$aThe Whole World

