=LDR  00892ngm a2200000i 4500
=001  JoVEMedicine51816
=008  161201s2016\\\\xx\\\\\g\\\\\\s\\\\\eng\d
=035  \\$a(OCoLC)733445860
=040  \\$aVaAlASP$cVaAlASP
=100  1\$aHesketh,Emily E.
=245  12$aRenal Ischaemia Reperfusion Injury: A Mouse Model of Injury and Regeneration$h[electronic resource]
=260  \\$aCambridge, MA$bMyJoVE Corp$c2016
=300  \\$aonline resource (747 seconds)
=490  0\$aMedicine
=500  \\$aTitle from resource description page
=520  \\$aThe mouse model of renal ischaemia reperfusion injury described here comprises of a right nephrectomy that provides control tissue and clamping of the left renal pedicle to induce ischaemia that results in acute kidney injury. This model uses a midline laparotomy approach with all steps performed via one incision.
=521  \\$aFor undergraduate, graduate, and professional students
=546  \\$aEnglish
=650  \0$aMedicine
=856  40$uhttps://www.jove.com/video/51816
=945  \\$aThe Whole World

