=LDR  00950ngm a2200000i 4500
=001  JoVEBiology51648
=008  161201s2016\\\\xx\\\\\g\\\\\\s\\\\\eng\d
=035  \\$a(OCoLC)733445860
=040  \\$aVaAlASP$cVaAlASP
=100  1\$aChung-Davidson,Yu-Wen
=245  12$aA New Clarification Method to Visualize Biliary Degeneration During Liver Metamorphosis in Sea Lamprey (Petromyzon marinus)$h[electronic resource]
=260  \\$aCambridge, MA$bMyJoVE Corp$c2016
=300  \\$aonline resource (423 seconds)
=490  0\$aBiology
=500  \\$aTitle from resource description page
=520  \\$aSea lamprey lose the gall bladder and bile ducts during metamorphosis, a process similar to human biliary atresia. A new fixation and clarification method (CLARITY) was modified to visualize the entire biliary tree using laser scanning confocal microscopy. This method provides a powerful tool to study biliary degeneration.
=521  \\$aFor undergraduate, graduate, and professional students
=546  \\$aEnglish
=650  \0$aBiology
=856  40$uhttps://www.jove.com/video/51648
=945  \\$aThe Whole World

