=LDR  00911ngm a2200000i 4500
=001  JoVEBiology51641
=008  161201s2016\\\\xx\\\\\g\\\\\\s\\\\\eng\d
=035  \\$a(OCoLC)733445860
=040  \\$aVaAlASP$cVaAlASP
=100  1\$aDelmarcelle,Anne-Sophie
=245  12$aAn Ex vivo Culture System to Study Thyroid Development$h[electronic resource]
=260  \\$aCambridge, MA$bMyJoVE Corp$c2016
=300  \\$aonline resource (513 seconds)
=490  0\$aBiology
=500  \\$aTitle from resource description page
=520  \\$aThis protocol describes dissection of mouse embryonic thyroid anlagen and the culture of explants on semiporous filters or on microscopy plastic slides. This system is ideal to study morphogenetic or differentiation events occurring during thyroid development of wild type or knockout embryos, and is amenable to gain- and loss-of-function experiments.
=521  \\$aFor undergraduate, graduate, and professional students
=546  \\$aEnglish
=650  \0$aBiology
=856  40$uhttps://www.jove.com/video/51641
=945  \\$aThe Whole World

