=LDR  00861ngm a2200000i 4500
=001  JoVEBiology50990
=008  161201s2016\\\\xx\\\\\g\\\\\\s\\\\\eng\d
=035  \\$a(OCoLC)733445860
=040  \\$aVaAlASP$cVaAlASP
=100  1\$aKonstantinidis,Diamantis G.
=245  12$aIdentification of a Murine Erythroblast Subpopulation  Enriched in Enucleating Events by Multi-spectral Imaging Flow Cytometry$h[electronic resource]
=260  \\$aCambridge, MA$bMyJoVE Corp$c2016
=300  \\$aonline resource (580 seconds)
=490  0\$aBiology
=500  \\$aTitle from resource description page
=520  \\$aThe present protocol describes a novel method of identifying a population of enucleating orthochromatic erythroblasts by multi-spectral imaging flow cytometry, providing a visualization of the erythroblast enucleation process.
=521  \\$aFor undergraduate, graduate, and professional students
=546  \\$aEnglish
=650  \0$aBiology
=856  40$uhttps://www.jove.com/video/50990
=945  \\$aThe Whole World

