=LDR  00845ngm a2200000i 4500
=001  JoVEBiology51621
=008  161201s2016\\\\xx\\\\\g\\\\\\s\\\\\eng\d
=035  \\$a(OCoLC)733445860
=040  \\$aVaAlASP$cVaAlASP
=100  1\$aKarjoo,Sara
=245  12$aIsolation of Neonatal Extrahepatic Cholangiocytes$h[electronic resource]
=260  \\$aCambridge, MA$bMyJoVE Corp$c2016
=300  \\$aonline resource (474 seconds)
=490  0\$aBiology
=500  \\$aTitle from resource description page
=520  \\$aA technique to isolate cholangiocytes from the extrahepatic bile ducts of neonatal mice is described. The ducts are meticulously dissected, and then cells are isolated by outgrowth in thick collagen gels. This method provides a useful tool for studying extrahepatic bile duct development and pathology. 
=521  \\$aFor undergraduate, graduate, and professional students
=546  \\$aEnglish
=650  \0$aBiology
=856  40$uhttps://www.jove.com/video/51621
=945  \\$aThe Whole World

