=LDR  00823ngm a2200000i 4500
=001  JoVEMedicine50682
=008  161201s2016\\\\xx\\\\\g\\\\\\s\\\\\eng\d
=035  \\$a(OCoLC)733445860
=040  \\$aVaAlASP$cVaAlASP
=100  1\$aDaSilva,Alexandre F.
=245  12$a3D-Neuronavigation In Vivo Through a Patient's Brain During a Spontaneous Migraine Headache$h[electronic resource]
=260  \\$aCambridge, MA$bMyJoVE Corp$c2016
=300  \\$aonline resource (639 seconds)
=490  0\$aMedicine
=500  \\$aTitle from resource description page
=520  \\$aIn this study, the authors report for the first time a novel 3D-Immersive & Interactive Neuronavigation (3D-IIN) through the impact of a spontaneous migraine headache attack in the μ-opioid system of a patient's brain in vivo.
=521  \\$aFor undergraduate, graduate, and professional students
=546  \\$aEnglish
=650  \0$aMedicine
=856  40$uhttps://www.jove.com/video/50682
=945  \\$aThe Whole World

