=LDR  00908ngm a2200000i 4500
=001  JoVEBiology50282
=008  161201s2016\\\\xx\\\\\g\\\\\\s\\\\\eng\d
=035  \\$a(OCoLC)733445860
=040  \\$aVaAlASP$cVaAlASP
=100  1\$aBaker,Jessica M.
=245  12$aHigh-throughput Functional Screening using a Homemade Dual-glow Luciferase Assay$h[electronic resource]
=260  \\$aCambridge, MA$bMyJoVE Corp$c2016
=300  \\$aonline resource (775 seconds)
=490  0\$aBiology
=500  \\$aTitle from resource description page
=520  \\$aWe present a rapid and inexpensive screening method for identifying transcriptional regulators using high-throughput robotic transfections and a homemade dual-glow luciferase assay.  This protocol rapidly generates direct side-by-side functional data for thousands of genes and is easily modifiable to target any gene of interest.
=521  \\$aFor undergraduate, graduate, and professional students
=546  \\$aEnglish
=650  \0$aBiology
=856  40$uhttps://www.jove.com/video/50282
=945  \\$aThe Whole World

