=LDR  00851ngm a2200000i 4500
=001  JoVEBiology51046
=008  161201s2016\\\\xx\\\\\g\\\\\\s\\\\\eng\d
=035  \\$a(OCoLC)733445860
=040  \\$aVaAlASP$cVaAlASP
=100  1\$aJustus,Calvin R.
=245  12$aIn vitro Cell Migration and Invasion Assays$h[electronic resource]
=260  \\$aCambridge, MA$bMyJoVE Corp$c2016
=300  \\$aonline resource (595 seconds)
=490  0\$aBiology
=500  \\$aTitle from resource description page
=520  \\$aCommonly used, highly accessible methods for examining cell migration and invasion in vitro are described. The first method is the cell wound closure assay that measures cell motility. The second method is the transwell migration and invasion assay that assesses the chemotactic and invasive capacity of cells.
=521  \\$aFor undergraduate, graduate, and professional students
=546  \\$aEnglish
=650  \0$aBiology
=856  40$uhttps://www.jove.com/video/51046
=945  \\$aThe Whole World

