=LDR  00780ngm a2200000i 4500
=001  JoVEBiology51534
=008  161201s2016\\\\xx\\\\\g\\\\\\s\\\\\eng\d
=035  \\$a(OCoLC)733445860
=040  \\$aVaAlASP$cVaAlASP
=100  1\$aFish,Jennifer L.
=245  12$aAssessing Species-specific Contributions To Craniofacial Development Using Quail-duck Chimeras$h[electronic resource]
=260  \\$aCambridge, MA$bMyJoVE Corp$c2016
=300  \\$aonline resource (578 seconds)
=490  0\$aBiology
=500  \\$aTitle from resource description page
=520  \\$aThis article describes a method to generate chimeric embryos that are designed to test the species-specific contributions of neural crest and/or other tissues to craniofacial development.

=521  \\$aFor undergraduate, graduate, and professional students
=546  \\$aEnglish
=650  \0$aBiology
=856  40$uhttps://www.jove.com/video/51534
=945  \\$aThe Whole World

