=LDR  00649ngm a2200000i 4500
=001  JoVEBiology51408
=008  161201s2016\\\\xx\\\\\g\\\\\\s\\\\\eng\d
=035  \\$a(OCoLC)733445860
=040  \\$aVaAlASP$cVaAlASP
=100  1\$aLim,HoTae
=245  12$aProfiling Individual Human Embryonic Stem Cells by Quantitative RT-PCR$h[electronic resource]
=260  \\$aCambridge, MA$bMyJoVE Corp$c2016
=300  \\$aonline resource (543 seconds)
=490  0\$aBiology
=500  \\$aTitle from resource description page
=520  \\$aSingle cell gene expression assay is needed for understanding stem cell heterogeneities.
=521  \\$aFor undergraduate, graduate, and professional students
=546  \\$aEnglish
=650  \0$aBiology
=856  40$uhttps://www.jove.com/video/51408
=945  \\$aThe Whole World

