=LDR  00954ngm a2200000i 4500
=001  JoVEMedicine51235
=008  161201s2016\\\\xx\\\\\g\\\\\\s\\\\\eng\d
=035  \\$a(OCoLC)733445860
=040  \\$aVaAlASP$cVaAlASP
=100  1\$aKeomani,Emilie
=245  12$aA Murine Model of Cervical Spinal Cord Injury to Study Post-lesional Respiratory Neuroplasticity$h[electronic resource]
=260  \\$aCambridge, MA$bMyJoVE Corp$c2016
=300  \\$aonline resource (549 seconds)
=490  0\$aMedicine
=500  \\$aTitle from resource description page
=520  \\$aRespiratory failure is the leading cause of death following a cervical spinal cord injury. Having a reproducible, quantifiable, and reliable pre-clinical animal model of respiratory failure induced by a partial cervical injury will help to understand the subsequent respiratory and non-respiratory neuroplasticity and allow testing putative repair strategies.
=521  \\$aFor undergraduate, graduate, and professional students
=546  \\$aEnglish
=650  \0$aMedicine
=856  40$uhttps://www.jove.com/video/51235
=945  \\$aThe Whole World

