=LDR  00930ngm a2200000i 4500
=001  JoVEBiology51358
=008  161201s2016\\\\xx\\\\\g\\\\\\s\\\\\eng\d
=035  \\$a(OCoLC)733445860
=040  \\$aVaAlASP$cVaAlASP
=100  1\$aLiu,Xiaojing
=245  12$aA Strategy for Sensitive, Large Scale Quantitative Metabolomics$h[electronic resource]
=260  \\$aCambridge, MA$bMyJoVE Corp$c2016
=300  \\$aonline resource (858 seconds)
=490  0\$aBiology
=500  \\$aTitle from resource description page
=520  \\$aMetabolite profiling has been a valuable asset in the study of metabolism in health and disease. Utilizing normal-phased liquid chromatography coupled to high-resolution mass spectrometry with polarity switching and a rapid duty cycle, we describe a protocol to analyze the polar metabolic composition of biological material with high sensitivity, accuracy, and resolution.
=521  \\$aFor undergraduate, graduate, and professional students
=546  \\$aEnglish
=650  \0$aBiology
=856  40$uhttps://www.jove.com/video/51358
=945  \\$aThe Whole World

