=LDR  00919ngm a2200000i 4500
=001  JoVEMedicine51261
=008  161201s2016\\\\xx\\\\\g\\\\\\s\\\\\eng\d
=035  \\$a(OCoLC)733445860
=040  \\$aVaAlASP$cVaAlASP
=100  1\$aMinchew,Candace L.
=245  12$aAssessing Phagocytic Clearance of Cell Death in Experimental Stroke by Ligatable Fluorescent Probes$h[electronic resource]
=260  \\$aCambridge, MA$bMyJoVE Corp$c2016
=300  \\$aonline resource (434 seconds)
=490  0\$aMedicine
=500  \\$aTitle from resource description page
=520  \\$aWe present a new fluorescence technique for selective in situ labeling of active phagocytic cells, which clear off cell corpses in stroke. The approach is important for assessing brain reaction to ischemia because only a small proportion of phagocytes present in ischemic brain participate in clearance of cell death.
=521  \\$aFor undergraduate, graduate, and professional students
=546  \\$aEnglish
=650  \0$aMedicine
=856  40$uhttps://www.jove.com/video/51261
=945  \\$aThe Whole World

