=LDR  00895ngm a2200000i 4500
=001  JoVEBiology51438
=008  161201s2016\\\\xx\\\\\g\\\\\\s\\\\\eng\d
=035  \\$a(OCoLC)733445860
=040  \\$aVaAlASP$cVaAlASP
=100  1\$aDeriziotis,Pelagia
=245  12$aInvestigating Protein-protein Interactions in Live Cells Using Bioluminescence Resonance Energy Transfer$h[electronic resource]
=260  \\$aCambridge, MA$bMyJoVE Corp$c2016
=300  \\$aonline resource (706 seconds)
=490  0\$aBiology
=500  \\$aTitle from resource description page
=520  \\$aInteractions between proteins are fundamental to all cellular processes. Using Bioluminescence Resonance Energy Transfer, the interaction between a pair of proteins can be monitored in live cells and in real time. Furthermore, the effects of potentially pathogenic mutations can be assessed.
=521  \\$aFor undergraduate, graduate, and professional students
=546  \\$aEnglish
=650  \0$aBiology
=856  40$uhttps://www.jove.com/video/51438
=945  \\$aThe Whole World

