=LDR  00914ngm a2200000i 4500
=001  JoVEBiology51572
=008  161201s2016\\\\xx\\\\\g\\\\\\s\\\\\eng\d
=035  \\$a(OCoLC)733445860
=040  \\$aVaAlASP$cVaAlASP
=100  1\$aBett,John S.
=245  12$asiRNA Screening to Identify Ubiquitin and Ubiquitin-like System Regulators of Biological Pathways in Cultured Mammalian Cells$h[electronic resource]
=260  \\$aCambridge, MA$bMyJoVE Corp$c2016
=300  \\$aonline resource (643 seconds)
=490  0\$aBiology
=500  \\$aTitle from resource description page
=520  \\$aHere, we describe a methodology to perform a targeted siRNA "ubiquitome" screen to identify novel ubiquitin and ubiquitin-like regulators of the HIF1A-mediated cellular response to hypoxia.  This can be adapted to any biological pathway where a robust read out of reporter activity is available.
=521  \\$aFor undergraduate, graduate, and professional students
=546  \\$aEnglish
=650  \0$aBiology
=856  40$uhttps://www.jove.com/video/51572
=945  \\$aThe Whole World

