=LDR  00945ngm a2200000i 4500
=001  JoVEBiology51429
=008  161201s2016\\\\xx\\\\\g\\\\\\s\\\\\eng\d
=035  \\$a(OCoLC)733445860
=040  \\$aVaAlASP$cVaAlASP
=100  1\$aAdam,Iris
=245  12$aWho is Who? Non-invasive Methods to Individually Sex and Mark Altricial Chicks$h[electronic resource]
=260  \\$aCambridge, MA$bMyJoVE Corp$c2016
=300  \\$aonline resource (494 seconds)
=490  0\$aBiology
=500  \\$aTitle from resource description page
=520  \\$aThis protocol provides a convenient set of methods, which enables extremely fast, easy, non-invasive, reliable and low-cost, molecular sex determination of birds and their non-invasive, quick, safe and easily recognizable marking shortly after hatching. Only limited handling of chicks is required. This convenient toolbox of methods complies entirely with the RRR-guidelines.
=521  \\$aFor undergraduate, graduate, and professional students
=546  \\$aEnglish
=650  \0$aBiology
=856  40$uhttps://www.jove.com/video/51429
=945  \\$aThe Whole World

