=LDR  00916ngm a2200000i 4500
=001  JoVEMedicine51513
=008  161201s2016\\\\xx\\\\\g\\\\\\s\\\\\eng\d
=035  \\$a(OCoLC)733445860
=040  \\$aVaAlASP$cVaAlASP
=100  1\$aJividen,Kasey
=245  12$aTwo Methods for Establishing Primary Human Endometrial Stromal Cells from Hysterectomy Specimens$h[electronic resource]
=260  \\$aCambridge, MA$bMyJoVE Corp$c2016
=300  \\$aonline resource (555 seconds)
=490  0\$aMedicine
=500  \\$aTitle from resource description page
=520  \\$aEstablishing primary endometrial stromal cell culture systems from hysterectomy specimens is a valuable biological technique and a crucial step prior to pursuing a vast array of research aims. Here, we describe two methods used to establish stromal cultures from surgically resected endometrial tissues of human patients. 
=521  \\$aFor undergraduate, graduate, and professional students
=546  \\$aEnglish
=650  \0$aMedicine
=856  40$uhttps://www.jove.com/video/51513
=945  \\$aThe Whole World

