=LDR  00967ngm a2200000i 4500
=001  JoVEMedicine51289
=008  161201s2016\\\\xx\\\\\g\\\\\\s\\\\\eng\d
=035  \\$a(OCoLC)733445860
=040  \\$aVaAlASP$cVaAlASP
=100  1\$aPark,Dongsu
=245  12$aSequential In vivo Imaging of Osteogenic Stem/Progenitor Cells During Fracture Repair$h[electronic resource]
=260  \\$aCambridge, MA$bMyJoVE Corp$c2016
=300  \\$aonline resource (630 seconds)
=490  0\$aMedicine
=500  \\$aTitle from resource description page
=520  \\$aQuantitative measurement of bone progenitor function in fracture healing requires high resolution serial imaging technology. Here, protocols are provided for using intravital microscopy and osteo-lineage tracking to sequentially image and quantify the migration, proliferation and differentiation of endogenous osteogenic stem/progenitor cells in the process of repairing bone fracture.
=521  \\$aFor undergraduate, graduate, and professional students
=546  \\$aEnglish
=650  \0$aMedicine
=856  40$uhttps://www.jove.com/video/51289
=945  \\$aThe Whole World

