=LDR  00874ngm a2200000i 4500
=001  JoVEBiology51197
=008  161201s2016\\\\xx\\\\\g\\\\\\s\\\\\eng\d
=035  \\$a(OCoLC)733445860
=040  \\$aVaAlASP$cVaAlASP
=100  1\$aMartin,Sophie
=245  12$aVisualization of G3BP Stress Granules Dynamics in Live Primary Cells$h[electronic resource]
=260  \\$aCambridge, MA$bMyJoVE Corp$c2016
=300  \\$aonline resource (612 seconds)
=490  0\$aBiology
=500  \\$aTitle from resource description page
=520  \\$aStress granules (SGs) are cytoplasmic RNA granules containing stalled ribonucleoprotein particles (RNPs), and important in cellular response to various stresses. Dynamics of SGs can be followed in live cells by visualizing the localization of a tagged component of SGs in transfected primary cells after stress.
=521  \\$aFor undergraduate, graduate, and professional students
=546  \\$aEnglish
=650  \0$aBiology
=856  40$uhttps://www.jove.com/video/51197
=945  \\$aThe Whole World

