=LDR  00941ngm a2200000i 4500
=001  JoVEMedicine51655
=008  161201s2016\\\\xx\\\\\g\\\\\\s\\\\\eng\d
=035  \\$a(OCoLC)733445860
=040  \\$aVaAlASP$cVaAlASP
=100  1\$aBilandzic,Maree
=245  12$aAssessment of Ovarian Cancer Spheroid Attachment and Invasion of Mesothelial Cells in Real Time$h[electronic resource]
=260  \\$aCambridge, MA$bMyJoVE Corp$c2016
=300  \\$aonline resource (865 seconds)
=490  0\$aMedicine
=500  \\$aTitle from resource description page
=520  \\$aOvarian cancer cell invasion into the mesothelial lining of the peritoneum is a dynamic process over time. Utilizing a real time analyzer, the invasive capacity of ovarian cancer cells in a spheroid-mesothelial cell co-culture model can be quantified over prolonged time periods, providing insights into factors regulating the metastatic process.
=521  \\$aFor undergraduate, graduate, and professional students
=546  \\$aEnglish
=650  \0$aMedicine
=856  40$uhttps://www.jove.com/video/51655
=945  \\$aThe Whole World

