=LDR  00916ngm a2200000i 4500
=001  JoVEBiology51352
=008  161201s2016\\\\xx\\\\\g\\\\\\s\\\\\eng\d
=035  \\$a(OCoLC)733445860
=040  \\$aVaAlASP$cVaAlASP
=100  1\$aMort,Richard L.
=245  12$aEx vivo Culture of Mouse Embryonic Skin and Live-imaging of Melanoblast Migration$h[electronic resource]
=260  \\$aCambridge, MA$bMyJoVE Corp$c2016
=300  \\$aonline resource (509 seconds)
=490  0\$aBiology
=500  \\$aTitle from resource description page
=520  \\$aWe describe the dissection and ex vivo culture of mouse embryonic skin. The culture system maintains an air-liquid interface across the tissue surface and allows imaging on an inverted microscope. Melanoblasts, a component of the developing skin, are fluorescently labeled allowing their behavior to be observed using confocal microscopy.
=521  \\$aFor undergraduate, graduate, and professional students
=546  \\$aEnglish
=650  \0$aBiology
=856  40$uhttps://www.jove.com/video/51352
=945  \\$aThe Whole World

