=LDR  00843ngm a2200000i 4500
=001  JoVEBiology51164
=008  161201s2016\\\\xx\\\\\g\\\\\\s\\\\\eng\d
=035  \\$a(OCoLC)733445860
=040  \\$aVaAlASP$cVaAlASP
=100  1\$aCoudert,Laëtitia
=245  12$aAnalysis of Translation Initiation During Stress Conditions by Polysome Profiling$h[electronic resource]
=260  \\$aCambridge, MA$bMyJoVE Corp$c2016
=300  \\$aonline resource (659 seconds)
=490  0\$aBiology
=500  \\$aTitle from resource description page
=520  \\$aHere, we describe a method to analyze changes in the initiation of mRNA translation of eukaryotic cells in response to stress conditions. This method is based on the velocity separation on sucrose gradients of translating ribosomes from non-translating ribosomes.
=521  \\$aFor undergraduate, graduate, and professional students
=546  \\$aEnglish
=650  \0$aBiology
=856  40$uhttps://www.jove.com/video/51164
=945  \\$aThe Whole World

