=LDR  00891ngm a2200000i 4500
=001  JoVEMedicine50796
=008  161201s2016\\\\xx\\\\\g\\\\\\s\\\\\eng\d
=035  \\$a(OCoLC)733445860
=040  \\$aVaAlASP$cVaAlASP
=100  1\$aLopez,Ana D.
=245  12$aIsolation, Culture, and Imaging of Human Fetal Pancreatic Cell Clusters$h[electronic resource]
=260  \\$aCambridge, MA$bMyJoVE Corp$c2016
=300  \\$aonline resource (489 seconds)
=490  0\$aMedicine
=500  \\$aTitle from resource description page
=520  \\$aA protocol to isolate, culture, and image islet cell clusters (ICCs) derived from human fetal pancreatic cells is described.  The method details the steps necessary to generate ICCs from tissue, culture as monolayers or in suspension as aggregates, and image for markers of proliferation and pancreatic cell fate decisions.
=521  \\$aFor undergraduate, graduate, and professional students
=546  \\$aEnglish
=650  \0$aMedicine
=856  40$uhttps://www.jove.com/video/50796
=945  \\$aThe Whole World

