=LDR  00683ngm a2200000i 4500
=001  JoVEBiology51533
=008  161201s2016\\\\xx\\\\\g\\\\\\s\\\\\eng\d
=035  \\$a(OCoLC)733445860
=040  \\$aVaAlASP$cVaAlASP
=100  1\$aRomano,Shannon N.
=245  12$aSemi-automated Imaging of Tissue-specific Fluorescence in Zebrafish Embryos$h[electronic resource]
=260  \\$aCambridge, MA$bMyJoVE Corp$c2016
=300  \\$aonline resource (426 seconds)
=490  0\$aBiology
=500  \\$aTitle from resource description page
=520  \\$aDescribed here is a protocol for semi-automated imaging of tissue-specific fluorescence in zebrafish embryos.
=521  \\$aFor undergraduate, graduate, and professional students
=546  \\$aEnglish
=650  \0$aBiology
=856  40$uhttps://www.jove.com/video/51533
=945  \\$aThe Whole World

