=LDR  00965ngm a2200000i 4500
=001  JoVEBiology51455
=008  161201s2016\\\\xx\\\\\g\\\\\\s\\\\\eng\d
=035  \\$a(OCoLC)733445860
=040  \\$aVaAlASP$cVaAlASP
=100  1\$aGandin,Valentina
=245  12$aPolysome Fractionation and Analysis of Mammalian Translatomes on a Genome-wide Scale$h[electronic resource]
=260  \\$aCambridge, MA$bMyJoVE Corp$c2016
=300  \\$aonline resource (654 seconds)
=490  0\$aBiology
=500  \\$aTitle from resource description page
=520  \\$aRibosomes play a central role in protein synthesis. Polyribosome (polysome) fractionation by sucrose density gradient centrifugation allows direct determination of translation efficiencies of individual mRNAs on a genome-wide scale. In addition, this method can be used for biochemical analysis of ribosome- and polysome-associated factors such as chaperones and signaling molecules.
=521  \\$aFor undergraduate, graduate, and professional students
=546  \\$aEnglish
=650  \0$aBiology
=856  40$uhttps://www.jove.com/video/51455
=945  \\$aThe Whole World

