=LDR  00785ngm a2200000i 4500
=001  JoVEMedicine51468
=008  161201s2016\\\\xx\\\\\g\\\\\\s\\\\\eng\d
=035  \\$a(OCoLC)733445860
=040  \\$aVaAlASP$cVaAlASP
=100  1\$aGakhar,Gunjan
=245  12$aIn vitro Method to Observe E-selectin-mediated Interactions Between Prostate Circulating Tumor Cells Derived From Patients and Human Endothelial Cells$h[electronic resource]
=260  \\$aCambridge, MA$bMyJoVE Corp$c2016
=300  \\$aonline resource (716 seconds)
=490  0\$aMedicine
=500  \\$aTitle from resource description page
=520  \\$aOur report describes a unique method to visualize and analyze CTC/EC interactions in prostate cancer under physiological flow conditions.
=521  \\$aFor undergraduate, graduate, and professional students
=546  \\$aEnglish
=650  \0$aMedicine
=856  40$uhttps://www.jove.com/video/51468
=945  \\$aThe Whole World

