=LDR  00907ngm a2200000i 4500
=001  JoVEMedicine51466
=008  161201s2016\\\\xx\\\\\g\\\\\\s\\\\\eng\d
=035  \\$a(OCoLC)733445860
=040  \\$aVaAlASP$cVaAlASP
=100  1\$aSillay,Karl A.
=245  12$aImage-guided Convection-enhanced Delivery into Agarose Gel Models of the Brain$h[electronic resource]
=260  \\$aCambridge, MA$bMyJoVE Corp$c2016
=300  \\$aonline resource (554 seconds)
=490  0\$aMedicine
=500  \\$aTitle from resource description page
=520  \\$aConvection-enhanced delivery (CED) has been proposed as a treatment option for a wide range of neurological diseases. In order to prepare health care professionals for adoption of CED, accessible training models are needed. We describe the use of agarose gel as such a model of the human brain for testing, research, and training.
=521  \\$aFor undergraduate, graduate, and professional students
=546  \\$aEnglish
=650  \0$aMedicine
=856  40$uhttps://www.jove.com/video/51466
=945  \\$aThe Whole World

