=LDR  00756ngm a2200000i 4500
=001  JoVEMedicine51459
=008  161201s2016\\\\xx\\\\\g\\\\\\s\\\\\eng\d
=035  \\$a(OCoLC)733445860
=040  \\$aVaAlASP$cVaAlASP
=100  1\$aStubbendorff,Mandy
=245  12$aInducing Myointimal Hyperplasia Versus Atherosclerosis in Mice: An Introduction of Two Valid Models$h[electronic resource]
=260  \\$aCambridge, MA$bMyJoVE Corp$c2016
=300  \\$aonline resource (514 seconds)
=490  0\$aMedicine
=500  \\$aTitle from resource description page
=520  \\$aThis video shows two models of intimal plaque development in murine arteries and emphasizes the differences in myointimal hyperplasia and atherosclerosis.
=521  \\$aFor undergraduate, graduate, and professional students
=546  \\$aEnglish
=650  \0$aMedicine
=856  40$uhttps://www.jove.com/video/51459
=945  \\$aThe Whole World

