=LDR  00926ngm a2200000i 4500
=001  JoVEBiology51465
=008  161201s2016\\\\xx\\\\\g\\\\\\s\\\\\eng\d
=035  \\$a(OCoLC)733445860
=040  \\$aVaAlASP$cVaAlASP
=100  1\$aMattinzoli,Deborah
=245  12$aApplication of Retinoic Acid to Obtain Osteocytes Cultures from Primary Mouse Osteoblasts$h[electronic resource]
=260  \\$aCambridge, MA$bMyJoVE Corp$c2016
=300  \\$aonline resource (433 seconds)
=490  0\$aBiology
=500  \\$aTitle from resource description page
=520  \\$aTreatment of primary mouse osteoblasts with retinoic acid produces a homogeneous population of ramified cells bearing morphological and molecular features of osteocytes. The method overcomes the difficulty of obtaining and maintaining primary osteocytes in culture, and can be advantageous to study cells derived from transgenic models. 
=521  \\$aFor undergraduate, graduate, and professional students
=546  \\$aEnglish
=650  \0$aBiology
=856  40$uhttps://www.jove.com/video/51465
=945  \\$aThe Whole World

