=LDR  00955ngm a2200000i 4500
=001  JoVEBiology51420
=008  161201s2016\\\\xx\\\\\g\\\\\\s\\\\\eng\d
=035  \\$a(OCoLC)733445860
=040  \\$aVaAlASP$cVaAlASP
=100  1\$aBiddlestone,John
=245  12$aAnalysis of Global RNA Synthesis at the Single Cell Level following Hypoxia$h[electronic resource]
=260  \\$aCambridge, MA$bMyJoVE Corp$c2016
=300  \\$aonline resource (893 seconds)
=490  0\$aBiology
=500  \\$aTitle from resource description page
=520  \\$aWe describe a technique for analysis of global RNA synthesis in hypoxia using imaging. Click-chemistry labeling of RNA has not previously been performed under hypoxia and allows visualization of global RNA changes at the single cell level. This approach complements the existing averaged RNA techniques, allowing direct visualization of cell-to-cell changes in global RNA synthesis.
=521  \\$aFor undergraduate, graduate, and professional students
=546  \\$aEnglish
=650  \0$aBiology
=856  40$uhttps://www.jove.com/video/51420
=945  \\$aThe Whole World

