=LDR  00870ngm a2200000i 4500
=001  JoVEBiology51381
=008  161201s2016\\\\xx\\\\\g\\\\\\s\\\\\eng\d
=035  \\$a(OCoLC)733445860
=040  \\$aVaAlASP$cVaAlASP
=100  1\$aPradhan Mitra,Prajakta
=245  12$aHistochemical Staining of Arabidopsis thaliana Secondary Cell Wall Elements$h[electronic resource]
=260  \\$aCambridge, MA$bMyJoVE Corp$c2016
=300  \\$aonline resource (638 seconds)
=490  0\$aBiology
=500  \\$aTitle from resource description page
=520  \\$aPlant cell wall composition varies between tissue types and can include lignin, cellulose, hemicelluloses, and pectin. Various staining techniques have been developed to visualize differences at the cell-type level. This paper is a compilation of commonly used cell wall staining techniques.
=521  \\$aFor undergraduate, graduate, and professional students
=546  \\$aEnglish
=650  \0$aBiology
=856  40$uhttps://www.jove.com/video/51381
=945  \\$aThe Whole World

