=LDR  00959ngm a2200000i 4500
=001  JoVEBiology51447
=008  161201s2016\\\\xx\\\\\g\\\\\\s\\\\\eng\d
=035  \\$a(OCoLC)733445860
=040  \\$aVaAlASP$cVaAlASP
=100  1\$aPollock,Naomi
=245  12$aPurification of the Cystic Fibrosis Transmembrane Conductance Regulator Protein Expressed in Saccharomyces cerevisiae$h[electronic resource]
=260  \\$aCambridge, MA$bMyJoVE Corp$c2016
=300  \\$aonline resource (912 seconds)
=490  0\$aBiology
=500  \\$aTitle from resource description page
=520  \\$aHeterologous expression and purification of the cystic fibrosis transmembrane conductance regulator (CFTR) are significant challenges and limiting factors in the development of drug therapies for cystic fibrosis. This protocol describes two methods for the isolation of milligram quantities of CFTR suitable for functional and structural studies. 
=521  \\$aFor undergraduate, graduate, and professional students
=546  \\$aEnglish
=650  \0$aBiology
=856  40$uhttps://www.jove.com/video/51447
=945  \\$aThe Whole World

