=LDR  00860ngm a2200000i 4500
=001  JoVEBiology51074
=008  161201s2016\\\\xx\\\\\g\\\\\\s\\\\\eng\d
=035  \\$a(OCoLC)733445860
=040  \\$aVaAlASP$cVaAlASP
=100  1\$aArnspang,Eva C.
=245  12$aEasy Measurement of Diffusion Coefficients of EGFP-tagged Plasma Membrane Proteins Using k-Space Image Correlation Spectroscopy$h[electronic resource]
=260  \\$aCambridge, MA$bMyJoVE Corp$c2016
=300  \\$aonline resource (703 seconds)
=490  0\$aBiology
=500  \\$aTitle from resource description page
=520  \\$aThis paper provides a step by step guide to the fluctuation analysis technique k-Space Image Correlation Spectroscopy (kICS) for measuring diffusion coefficients of fluorescently labeled plasma membrane proteins in live mammalian cells.
=521  \\$aFor undergraduate, graduate, and professional students
=546  \\$aEnglish
=650  \0$aBiology
=856  40$uhttps://www.jove.com/video/51074
=945  \\$aThe Whole World

