=LDR  00769ngm a2200000i 4500
=001  JoVEBiology51349
=008  161201s2016\\\\xx\\\\\g\\\\\\s\\\\\eng\d
=035  \\$a(OCoLC)733445860
=040  \\$aVaAlASP$cVaAlASP
=100  1\$aLee,M. C. Gilbert
=245  12$aGlycopeptide Capture for Cell Surface Proteomics$h[electronic resource]
=260  \\$aCambridge, MA$bMyJoVE Corp$c2016
=300  \\$aonline resource (611 seconds)
=490  0\$aBiology
=500  \\$aTitle from resource description page
=520  \\$aCell surface proteins are biologically important and widely glycosylated. We introduce here a glycopeptide-capture approach to solubilize, enrich, and deglycosylate these proteins for facile LC-MS based proteomic analyses.
=521  \\$aFor undergraduate, graduate, and professional students
=546  \\$aEnglish
=650  \0$aBiology
=856  40$uhttps://www.jove.com/video/51349
=945  \\$aThe Whole World

