=LDR  00917ngm a2200000i 4500
=001  JoVEMedicine51476
=008  161201s2016\\\\xx\\\\\g\\\\\\s\\\\\eng\d
=035  \\$a(OCoLC)733445860
=040  \\$aVaAlASP$cVaAlASP
=100  1\$aThompson,Thomas Z.
=245  12$aCoordinate Mapping of Hyolaryngeal Mechanics in Swallowing$h[electronic resource]
=260  \\$aCambridge, MA$bMyJoVE Corp$c2016
=300  \\$aonline resource (853 seconds)
=490  0\$aMedicine
=500  \\$aTitle from resource description page
=520  \\$aCoordinate mapping is a method of documenting salient features of hyolaryngeal biomechanics in the pharyngeal phase of swallowing. This methodology uses image analysis software to record coordinates of anatomical landmarks. These coordinates are imported into an excel macro and translated into kinematic variables of interest useful in dysphagia research.
=521  \\$aFor undergraduate, graduate, and professional students
=546  \\$aEnglish
=650  \0$aMedicine
=856  40$uhttps://www.jove.com/video/51476
=945  \\$aThe Whole World

