=LDR  01165ngm a2200000i 4500
=001  JoVEMedicine50687
=008  161201s2016\\\\xx\\\\\g\\\\\\s\\\\\eng\d
=035  \\$a(OCoLC)733445860
=040  \\$aVaAlASP$cVaAlASP
=100  1\$aYao,Sheldon
=245  12$aOsteopathic Manipulative Treatment as a Useful Adjunctive Tool for Pneumonia$h[electronic resource]
=260  \\$aCambridge, MA$bMyJoVE Corp$c2016
=300  \\$aonline resource (807 seconds)
=490  0\$aMedicine
=500  \\$aTitle from resource description page
=520  \\$aPneumonia is one of the top ten leading causes of death in the U.S. Osteopathic manipulative techniques (OMT) may be utilized as an adjunctive therapy in the treatment of pneumonia to enhance biomechanical and immune function; and ultimately, to reduce hospital stay, duration of antibiotics, incidence of respiratory failure, and mortality. In this video-article, we will review randomized controlled studies on the use of OMT in pneumonia patients, as well as demonstrate specific hands-on techniques that are routinely practiced by osteopathic physicians when treating pulmonary infections.
=521  \\$aFor undergraduate, graduate, and professional students
=546  \\$aEnglish
=650  \0$aMedicine
=856  40$uhttps://www.jove.com/video/50687
=945  \\$aThe Whole World

