=LDR  00911ngm a2200000i 4500
=001  JoVEMedicine50542
=008  161201s2016\\\\xx\\\\\g\\\\\\s\\\\\eng\d
=035  \\$a(OCoLC)733445860
=040  \\$aVaAlASP$cVaAlASP
=100  1\$aErbel,Christian
=245  12$aA Human Ex Vivo Atherosclerotic Plaque Model to Study Lesion Biology$h[electronic resource]
=260  \\$aCambridge, MA$bMyJoVE Corp$c2016
=300  \\$aonline resource (351 seconds)
=490  0\$aMedicine
=500  \\$aTitle from resource description page
=520  \\$aAtherosclerosis is a chronic inflammatory process. This manuscript illustrates an easy to use ex vivo model to investigate fresh carotid or coronary artery plaques. The ex vivo model allows for the investigation of potential substances on the inflammatory milieu in human atherosclerotic lesions and results can be analyzed by various methods.
=521  \\$aFor undergraduate, graduate, and professional students
=546  \\$aEnglish
=650  \0$aMedicine
=856  40$uhttps://www.jove.com/video/50542
=945  \\$aThe Whole World

