=LDR  00862ngm a2200000i 4500
=001  JoVEBiology51481
=008  161201s2016\\\\xx\\\\\g\\\\\\s\\\\\eng\d
=035  \\$a(OCoLC)733445860
=040  \\$aVaAlASP$cVaAlASP
=100  1\$aKovacsics,Daniella
=245  12$aTransient Expression of Proteins by Hydrodynamic Gene Delivery in Mice$h[electronic resource]
=260  \\$aCambridge, MA$bMyJoVE Corp$c2016
=300  \\$aonline resource (774 seconds)
=490  0\$aBiology
=500  \\$aTitle from resource description page
=520  \\$aIn vivo transfection of naked DNA by hydrodynamic gene delivery introduces genes into the tissue of an animal with minimal inflammatory response. Sufficient amounts of gene product are generated such that gene function and regulation as well as protein structure and function can be analyzed.
=521  \\$aFor undergraduate, graduate, and professional students
=546  \\$aEnglish
=650  \0$aBiology
=856  40$uhttps://www.jove.com/video/51481
=945  \\$aThe Whole World

