=LDR  00712ngm a2200000i 4500
=001  JoVEBiology51342
=008  161201s2016\\\\xx\\\\\g\\\\\\s\\\\\eng\d
=035  \\$a(OCoLC)733445860
=040  \\$aVaAlASP$cVaAlASP
=100  1\$aChardès,Claire
=245  12$aSetting Up a Simple Light Sheet Microscope for In Toto Imaging of C. elegans Development$h[electronic resource]
=260  \\$aCambridge, MA$bMyJoVE Corp$c2016
=300  \\$aonline resource (517 seconds)
=490  0\$aBiology
=500  \\$aTitle from resource description page
=520  \\$aThis protocol describes the setup of a light sheet microscope and its implementation for in vivo imaging of C. elegans embryos.
=521  \\$aFor undergraduate, graduate, and professional students
=546  \\$aEnglish
=650  \0$aBiology
=856  40$uhttps://www.jove.com/video/51342
=945  \\$aThe Whole World

