=LDR  00920ngm a2200000i 4500
=001  JoVEBiology51309
=008  161201s2016\\\\xx\\\\\g\\\\\\s\\\\\eng\d
=035  \\$a(OCoLC)733445860
=040  \\$aVaAlASP$cVaAlASP
=100  1\$aJablonski,Joseph
=245  12$aAnalysis of RNA Processing Reactions Using Cell Free Systems: 3' End Cleavage of Pre-mRNA Substrates in vitro$h[electronic resource]
=260  \\$aCambridge, MA$bMyJoVE Corp$c2016
=300  \\$aonline resource (556 seconds)
=490  0\$aBiology
=500  \\$aTitle from resource description page
=520  \\$aRNA polymerase II synthesizes a precursor RNA that extends beyond the 3' end of the mature mRNA. The end of the mature RNA is generated cotranscriptionally, at a site dictated by RNA sequences, via the endonuclease activity of the cleavage complex. Here, we detail the method to study cleavage reactions in vitro.
=521  \\$aFor undergraduate, graduate, and professional students
=546  \\$aEnglish
=650  \0$aBiology
=856  40$uhttps://www.jove.com/video/51309
=945  \\$aThe Whole World

