=LDR  00974ngm a2200000i 4500
=001  JoVEMedicine51187
=008  161201s2016\\\\xx\\\\\g\\\\\\s\\\\\eng\d
=035  \\$a(OCoLC)733445860
=040  \\$aVaAlASP$cVaAlASP
=100  1\$aChu,Zhengtao
=245  12$aIn Vivo Optical Imaging of Brain Tumors and Arthritis Using Fluorescent SapC-DOPS Nanovesicles$h[electronic resource]
=260  \\$aCambridge, MA$bMyJoVE Corp$c2016
=300  \\$aonline resource (544 seconds)
=490  0\$aMedicine
=500  \\$aTitle from resource description page
=520  \\$aWe describe a multi-angle rotational optical imaging (MAROI) system for in vivo quantitation of a fluorescent marker delivered by saposin C (SapC)-dioleoylphosphatidylserine (DOPS) nanovesicles. Employing mouse models of cancer and arthritis, we demonstrate how the MAROI signal curve analysis can be used for the precise mapping and biological characterization of disease processes.
=521  \\$aFor undergraduate, graduate, and professional students
=546  \\$aEnglish
=650  \0$aMedicine
=856  40$uhttps://www.jove.com/video/51187
=945  \\$aThe Whole World

