=LDR  00907ngm a2200000i 4500
=001  JoVEBiology51401
=008  161201s2016\\\\xx\\\\\g\\\\\\s\\\\\eng\d
=035  \\$a(OCoLC)733445860
=040  \\$aVaAlASP$cVaAlASP
=100  1\$aScott,Adrian C.
=245  12$aBEST: Barcode Enabled Sequencing of Tetrads$h[electronic resource]
=260  \\$aCambridge, MA$bMyJoVE Corp$c2016
=300  \\$aonline resource (779 seconds)
=490  0\$aBiology
=500  \\$aTitle from resource description page
=520  \\$aBarcode Enabled Sequencing of Tetrads (BEST) replaces the manual processes of isolating, disrupting and spacing tetrads. BEST isolates tetrads by fluorescence-activated cell sorting onto agar plates, separates the spores by agitation with glass beads, and determines which randomly arrayed colonies were derived from the same original tetrad using molecular barcodes.
=521  \\$aFor undergraduate, graduate, and professional students
=546  \\$aEnglish
=650  \0$aBiology
=856  40$uhttps://www.jove.com/video/51401
=945  \\$aThe Whole World

