=LDR  00850ngm a2200000i 4500
=001  JoVEBiology51266
=008  161201s2016\\\\xx\\\\\g\\\\\\s\\\\\eng\d
=035  \\$a(OCoLC)733445860
=040  \\$aVaAlASP$cVaAlASP
=100  1\$aChavez,Miquella G.
=245  12$aIsolation and Culture of Dental Epithelial Stem Cells from the Adult Mouse Incisor$h[electronic resource]
=260  \\$aCambridge, MA$bMyJoVE Corp$c2016
=300  \\$aonline resource (494 seconds)
=490  0\$aBiology
=500  \\$aTitle from resource description page
=520  \\$aThe continuously growing mouse incisor provides a model for studying renewal of dental tissues from dental epithelial stem cells (DESCs). A robust system for consistently and reliably obtaining these cells from the incisor and expanding them in vitro is reported here.
=521  \\$aFor undergraduate, graduate, and professional students
=546  \\$aEnglish
=650  \0$aBiology
=856  40$uhttps://www.jove.com/video/51266
=945  \\$aThe Whole World

