=LDR  01156ngm a2200000i 4500
=001  JoVEBiology51354
=008  161201s2016\\\\xx\\\\\g\\\\\\s\\\\\eng\d
=035  \\$a(OCoLC)733445860
=040  \\$aVaAlASP$cVaAlASP
=100  1\$aFroehlich,Jacob Michael
=245  12$aPreparation of Primary Myogenic Precursor Cell/Myoblast Cultures from Basal Vertebrate Lineages$h[electronic resource]
=260  \\$aCambridge, MA$bMyJoVE Corp$c2016
=300  \\$aonline resource (471 seconds)
=490  0\$aBiology
=500  \\$aTitle from resource description page
=520  \\$aIn vitro culture systems have proven indispensible to our understanding of vertebrate myogenesis. However, much remains to be learned about nonmammalian skeletal muscle development and growth, particularly in basal taxa. An efficient and robust protocol for isolating the adult stem cells of this tissue, the myogenic precursor cells (MPCs), and maintaining their self-renewal, proliferation, and differentiation in a primary culture setting allows for the identification of conserved and divergent regulatory mechanisms throughout the vertebrate lineages.
=521  \\$aFor undergraduate, graduate, and professional students
=546  \\$aEnglish
=650  \0$aBiology
=856  40$uhttps://www.jove.com/video/51354
=945  \\$aThe Whole World

