=LDR  00967ngm a2200000i 4500
=001  JoVEMedicine51485
=008  161201s2016\\\\xx\\\\\g\\\\\\s\\\\\eng\d
=035  \\$a(OCoLC)733445860
=040  \\$aVaAlASP$cVaAlASP
=100  1\$aTracz,Amanda
=245  12$aModeling Spontaneous Metastatic Renal Cell Carcinoma (mRCC) in Mice Following Nephrectomy$h[electronic resource]
=260  \\$aCambridge, MA$bMyJoVE Corp$c2016
=300  \\$aonline resource (687 seconds)
=490  0\$aMedicine
=500  \\$aTitle from resource description page
=520  \\$aModels of spontaneous metastatic renal cell carcinoma (RCC) disease progression can be used for evaluating treatments in a clinically relevant setting. This protocol demonstrates different procedures for orthotopic kidney tumor cell implantation, proper nephrectomy, and finally outlines a necropsy guide for visual and bioluminescent scoring of metastatic burden and localization.
=521  \\$aFor undergraduate, graduate, and professional students
=546  \\$aEnglish
=650  \0$aMedicine
=856  40$uhttps://www.jove.com/video/51485
=945  \\$aThe Whole World

