=LDR  00949ngm a2200000i 4500
=001  JoVEMedicine51475
=008  161201s2016\\\\xx\\\\\g\\\\\\s\\\\\eng\d
=035  \\$a(OCoLC)733445860
=040  \\$aVaAlASP$cVaAlASP
=100  1\$aBullock,Marc D.
=245  12$aMolecular Profiling of the Invasive Tumor Microenvironment in a 3-Dimensional Model of Colorectal Cancer Cells and Ex vivo Fibroblasts$h[electronic resource]
=260  \\$aCambridge, MA$bMyJoVE Corp$c2016
=300  \\$aonline resource (633 seconds)
=490  0\$aMedicine
=500  \\$aTitle from resource description page
=520  \\$aMolecular profiling of laser microdissected cells and stroma from synthetic, tissue-engineered colorectal cancer models represents a novel and manipulatable approach to characterize and dissect the distinctive biology at the interface between tumor cells at the invasive front and cancer associated stromal cells.  
=521  \\$aFor undergraduate, graduate, and professional students
=546  \\$aEnglish
=650  \0$aMedicine
=856  40$uhttps://www.jove.com/video/51475
=945  \\$aThe Whole World

