=LDR  00830ngm a2200000i 4500
=001  JoVEMedicine51374
=008  161201s2016\\\\xx\\\\\g\\\\\\s\\\\\eng\d
=035  \\$a(OCoLC)733445860
=040  \\$aVaAlASP$cVaAlASP
=100  1\$aEnder,Andreas
=245  12$aAccuracy in Dental Medicine, A New Way to Measure Trueness and Precision$h[electronic resource]
=260  \\$aCambridge, MA$bMyJoVE Corp$c2016
=300  \\$aonline resource (477 seconds)
=490  0\$aMedicine
=500  \\$aTitle from resource description page
=520  \\$aAccuracy is a major demand in dental medicine. To verify accuracy, reference scanners are needed. This article presents a new reference scanner with an adjusted scanning method to acquire a broad variety of dental morphologies with high trueness and precision.
=521  \\$aFor undergraduate, graduate, and professional students
=546  \\$aEnglish
=650  \0$aMedicine
=856  40$uhttps://www.jove.com/video/51374
=945  \\$aThe Whole World

