=LDR  00909ngm a2200000i 4500
=001  JoVEBiology51395
=008  161201s2016\\\\xx\\\\\g\\\\\\s\\\\\eng\d
=035  \\$a(OCoLC)733445860
=040  \\$aVaAlASP$cVaAlASP
=100  1\$aLucien,Fabrice
=245  12$aSimultaneous pH Measurement in Endocytic and Cytosolic Compartments in Living Cells using Confocal Microscopy$h[electronic resource]
=260  \\$aCambridge, MA$bMyJoVE Corp$c2016
=300  \\$aonline resource (586 seconds)
=490  0\$aBiology
=500  \\$aTitle from resource description page
=520  \\$aSeveral methods are available for measuring intracellular pH but very few of these allow simultaneous measurement of cytoplasmic and organellar pH. Here, we describe in detail a rapid and accurate methodology to simultaneously measure cytoplasmic and vesicular pH by ratiometric imaging of living cells. 
=521  \\$aFor undergraduate, graduate, and professional students
=546  \\$aEnglish
=650  \0$aBiology
=856  40$uhttps://www.jove.com/video/51395
=945  \\$aThe Whole World

