=LDR  00913ngm a2200000i 4500
=001  JoVEMedicine51413
=008  161201s2016\\\\xx\\\\\g\\\\\\s\\\\\eng\d
=035  \\$a(OCoLC)733445860
=040  \\$aVaAlASP$cVaAlASP
=100  1\$aSadler,Katelyn E.
=245  12$aUrinary Bladder Distention Evoked Visceromotor Responses as a Model for Bladder Pain in Mice$h[electronic resource]
=260  \\$aCambridge, MA$bMyJoVE Corp$c2016
=300  \\$aonline resource (706 seconds)
=490  0\$aMedicine
=500  \\$aTitle from resource description page
=520  \\$aApproximately 3-8 million people in the United States suffer from interstitial cystitis/bladder pain syndrome (IC/BPS), a debilitating condition characterized in part by pelvic pain. In order to study nervous system contributions to the condition, a physiological model of urinary bladder pain is used in mice and rats.
=521  \\$aFor undergraduate, graduate, and professional students
=546  \\$aEnglish
=650  \0$aMedicine
=856  40$uhttps://www.jove.com/video/51413
=945  \\$aThe Whole World

