=LDR  00949ngm a2200000i 4500
=001  JoVEMedicine51311
=008  161201s2016\\\\xx\\\\\g\\\\\\s\\\\\eng\d
=035  \\$a(OCoLC)733445860
=040  \\$aVaAlASP$cVaAlASP
=100  1\$aPal,Anupama
=245  12$aThree Dimensional Cultures: A Tool To Study Normal Acinar Architecture vs. Malignant Transformation Of Breast Cells$h[electronic resource]
=260  \\$aCambridge, MA$bMyJoVE Corp$c2016
=300  \\$aonline resource (513 seconds)
=490  0\$aMedicine
=500  \\$aTitle from resource description page
=520  \\$aThree dimensional culture of mammary epithelial cells on a reconstituted basement membrane is a useful method to recapitulate the in vivo architecture of the benign breast, and to differentiate the malignant phenotype from the benign breast phenotype. Importantly, this system can be applied to study invasive carcinomas in other tissues.
=521  \\$aFor undergraduate, graduate, and professional students
=546  \\$aEnglish
=650  \0$aMedicine
=856  40$uhttps://www.jove.com/video/51311
=945  \\$aThe Whole World

