=LDR  00920ngm a2200000i 4500
=001  JoVEMedicine51269
=008  161201s2016\\\\xx\\\\\g\\\\\\s\\\\\eng\d
=035  \\$a(OCoLC)733445860
=040  \\$aVaAlASP$cVaAlASP
=100  1\$aKoudstaal,Stefan
=245  12$aMyocardial Infarction and Functional Outcome Assessment in Pigs$h[electronic resource]
=260  \\$aCambridge, MA$bMyJoVE Corp$c2016
=300  \\$aonline resource (723 seconds)
=490  0\$aMedicine
=500  \\$aTitle from resource description page
=520  \\$aThis protocol describes the porcine myocardial infarction (MI) model using a 90 min closed-chest coronary balloon occlusion of the left anterior descending artery (LAD), followed by reperfusion. Furthermore, the protocol for several outcome parameters, such as cardiac function, hemodynamics, microvascular resistance, and infarct size, are also presented.
=521  \\$aFor undergraduate, graduate, and professional students
=546  \\$aEnglish
=650  \0$aMedicine
=856  40$uhttps://www.jove.com/video/51269
=945  \\$aThe Whole World

