=LDR  00774ngm a2200000i 4500
=001  JoVEBiology51406
=008  161201s2016\\\\xx\\\\\g\\\\\\s\\\\\eng\d
=035  \\$a(OCoLC)733445860
=040  \\$aVaAlASP$cVaAlASP
=100  1\$aChoi,In Young
=245  12$aEfficient Generation Human Induced Pluripotent Stem Cells from Human Somatic Cells with Sendai-virus$h[electronic resource]
=260  \\$aCambridge, MA$bMyJoVE Corp$c2016
=300  \\$aonline resource (583 seconds)
=490  0\$aBiology
=500  \\$aTitle from resource description page
=520  \\$aHere, we present our established method to reprogram human somatic cells into transgene-free human iPSCs with Sendai virus, which shows consistent outcome and enhanced efficiency.
=521  \\$aFor undergraduate, graduate, and professional students
=546  \\$aEnglish
=650  \0$aBiology
=856  40$uhttps://www.jove.com/video/51406
=945  \\$aThe Whole World

