=LDR  00886ngm a2200000i 4500
=001  JoVEBiology51387
=008  161201s2016\\\\xx\\\\\g\\\\\\s\\\\\eng\d
=035  \\$a(OCoLC)733445860
=040  \\$aVaAlASP$cVaAlASP
=100  1\$aGao,Ming
=245  12$aAn in vivo Crosslinking Approach to Isolate Protein Complexes From Drosophila Embryos$h[electronic resource]
=260  \\$aCambridge, MA$bMyJoVE Corp$c2016
=300  \\$aonline resource (531 seconds)
=490  0\$aBiology
=500  \\$aTitle from resource description page
=520  \\$aMulti-component protein complexes play crucial roles during cellular function and development. Here we describe a method used to isolate native protein complexes from Drosophila embryos after in vivo crosslinking followed by purification of the crosslinked complexes for subsequent structure-function analysis.

=521  \\$aFor undergraduate, graduate, and professional students
=546  \\$aEnglish
=650  \0$aBiology
=856  40$uhttps://www.jove.com/video/51387
=945  \\$aThe Whole World

