=LDR  00774ngm a2200000i 4500
=001  JoVEBiology50417
=008  161201s2016\\\\xx\\\\\g\\\\\\s\\\\\eng\d
=035  \\$a(OCoLC)733445860
=040  \\$aVaAlASP$cVaAlASP
=100  1\$aEthell,Douglas W.
=245  12$aImaging and 3D Reconstruction of Cerebrovascular Structures in Embryonic Zebrafish$h[electronic resource]
=260  \\$aCambridge, MA$bMyJoVE Corp$c2016
=300  \\$aonline resource (480 seconds)
=490  0\$aBiology
=500  \\$aTitle from resource description page
=520  \\$aImaging of cerebrovascular development in larval zebrafish is described. Techniques to facilitate 3D imaging and modify cerebrovascular development using chemical treatments are also provided. 
=521  \\$aFor undergraduate, graduate, and professional students
=546  \\$aEnglish
=650  \0$aBiology
=856  40$uhttps://www.jove.com/video/50417
=945  \\$aThe Whole World

