=LDR  00942ngm a2200000i 4500
=001  JoVEMedicine51290
=008  161201s2016\\\\xx\\\\\g\\\\\\s\\\\\eng\d
=035  \\$a(OCoLC)733445860
=040  \\$aVaAlASP$cVaAlASP
=100  1\$aZuo,Li
=245  12$aDiagnostic Ultrasound Imaging of Mouse Diaphragm Function$h[electronic resource]
=260  \\$aCambridge, MA$bMyJoVE Corp$c2016
=300  \\$aonline resource (432 seconds)
=490  0\$aMedicine
=500  \\$aTitle from resource description page
=520  \\$aDiagnostic ultrasound imaging has proven to be effective in diagnosing various respiratory diseases in human and animal subjects. We demonstrate a comprehensive ultrasound protocol utilized by Dr. Zuo's lab to analyze diaphragm kinetics specifically in mouse models. This is also a non-invasive research technique which can provide quantitative information on mouse respiratory muscle function.
=521  \\$aFor undergraduate, graduate, and professional students
=546  \\$aEnglish
=650  \0$aMedicine
=856  40$uhttps://www.jove.com/video/51290
=945  \\$aThe Whole World

