=LDR  00943ngm a2200000i 4500
=001  JoVEMedicine51116
=008  161201s2016\\\\xx\\\\\g\\\\\\s\\\\\eng\d
=035  \\$a(OCoLC)733445860
=040  \\$aVaAlASP$cVaAlASP
=100  1\$aCoppini,Raffaele
=245  12$aIsolation and Functional Characterization of Human Ventricular Cardiomyocytes from Fresh Surgical Samples$h[electronic resource]
=260  \\$aCambridge, MA$bMyJoVE Corp$c2016
=300  \\$aonline resource (879 seconds)
=490  0\$aMedicine
=500  \\$aTitle from resource description page
=520  \\$aCurrent knowledge on the cellular basis of cardiac diseases mostly relies on studies on animal models. Here we describe and validate a novel method to obtain single viable cardiomyocytes from small surgical samples of human ventricular myocardium. Human ventricular myocytes can be used for electrophysiological studies and drug testing.
=521  \\$aFor undergraduate, graduate, and professional students
=546  \\$aEnglish
=650  \0$aMedicine
=856  40$uhttps://www.jove.com/video/51116
=945  \\$aThe Whole World

