=LDR  00982ngm a2200000i 4500
=001  JoVEMedicine51108
=008  161201s2016\\\\xx\\\\\g\\\\\\s\\\\\eng\d
=035  \\$a(OCoLC)733445860
=040  \\$aVaAlASP$cVaAlASP
=100  1\$aRicard,Clément
=245  12$aAn Orthotopic Glioblastoma Mouse Model Maintaining Brain Parenchymal Physical Constraints and Suitable for Intravital Two-photon Microscopy$h[electronic resource]
=260  \\$aCambridge, MA$bMyJoVE Corp$c2016
=300  \\$aonline resource (592 seconds)
=490  0\$aMedicine
=500  \\$aTitle from resource description page
=520  \\$aWe have established a cortical orthotopic glioblastoma model in mice for intravital two-photon microscopy that recapitulates the biophysical constraints normally at play during the growth of the tumor. A chronic glass window replacing the skull above the tumor enables the follow-up of the tumor progression over time by two-photon microscopy.
=521  \\$aFor undergraduate, graduate, and professional students
=546  \\$aEnglish
=650  \0$aMedicine
=856  40$uhttps://www.jove.com/video/51108
=945  \\$aThe Whole World

