=LDR  01035ngm a2200000i 4500
=001  JoVEBiology51536
=008  161201s2016\\\\xx\\\\\g\\\\\\s\\\\\eng\d
=035  \\$a(OCoLC)733445860
=040  \\$aVaAlASP$cVaAlASP
=100  1\$aIvanov,Konstantin I
=245  12$aOne-step Purification of Twin-Strep-tagged Proteins and Their Complexes on Strep-Tactin Resin Cross-linked With Bis(sulfosuccinimidyl) Suberate (BS3)$h[electronic resource]
=260  \\$aCambridge, MA$bMyJoVE Corp$c2016
=300  \\$aonline resource (1107 seconds)
=490  0\$aBiology
=500  \\$aTitle from resource description page
=520  \\$aA method is described for efficient purification of twin-Strep-tagged fusion proteins and their specific complexes on modified streptavidin (Strep-Tactin) resin covalently cross-linked with Bis(sulfosuccinimidyl) suberate (BS3). The method has the advantages of fast speed, good target protein recovery and high purity, and is compatible with subsequent analysis by mass spectrometry.
=521  \\$aFor undergraduate, graduate, and professional students
=546  \\$aEnglish
=650  \0$aBiology
=856  40$uhttps://www.jove.com/video/51536
=945  \\$aThe Whole World

