=LDR  01010ngm a2200000i 4500
=001  JoVEBiology51204
=008  161201s2016\\\\xx\\\\\g\\\\\\s\\\\\eng\d
=035  \\$a(OCoLC)733445860
=040  \\$aVaAlASP$cVaAlASP
=100  1\$aShamloul,Moneim
=245  12$aOptimization and Utilization of Agrobacterium-mediated Transient Protein Production in Nicotiana$h[electronic resource]
=260  \\$aCambridge, MA$bMyJoVE Corp$c2016
=300  \\$aonline resource (1401 seconds)
=490  0\$aBiology
=500  \\$aTitle from resource description page
=520  \\$aTransient protein production in Nicotiana plants based on vacuum infiltration with Agrobacteria carrying launch vectors (Tobacco mosaic virus-based) is a rapid and economic approach to produce vaccine antigens and therapeutic proteins. We simplified the procedure and improved target accumulation by optimizing conditions of bacteria cultivation, selecting host species, and co-introducing RNA silencing suppressors.
=521  \\$aFor undergraduate, graduate, and professional students
=546  \\$aEnglish
=650  \0$aBiology
=856  40$uhttps://www.jove.com/video/51204
=945  \\$aThe Whole World

