=LDR  00840ngm a2200000i 4500
=001  JoVEBiology51356
=008  161201s2016\\\\xx\\\\\g\\\\\\s\\\\\eng\d
=035  \\$a(OCoLC)733445860
=040  \\$aVaAlASP$cVaAlASP
=100  1\$aHiriart,Emilye
=245  12$aCell Labeling and Injection in Developing Embryonic Mouse Hearts$h[electronic resource]
=260  \\$aCambridge, MA$bMyJoVE Corp$c2016
=300  \\$aonline resource (440 seconds)
=490  0\$aBiology
=500  \\$aTitle from resource description page
=520  \\$aWe describe a series of methods to inject dyes, DNA vectors, virus, and cells in order to monitor both cell fate and phenotype of endogenous and grafted cells derived from embryonic or pluripotent cells within mouse embryos at embryonic day (E)9.5 and later stages of development.
=521  \\$aFor undergraduate, graduate, and professional students
=546  \\$aEnglish
=650  \0$aBiology
=856  40$uhttps://www.jove.com/video/51356
=945  \\$aThe Whole World

