=LDR  00951ngm a2200000i 4500
=001  JoVEMedicine51107
=008  161201s2016\\\\xx\\\\\g\\\\\\s\\\\\eng\d
=035  \\$a(OCoLC)733445860
=040  \\$aVaAlASP$cVaAlASP
=100  1\$aRaz,Noa
=245  12$aDynamic Visual Tests to Identify and Quantify Visual Damage and Repair Following Demyelination in Optic Neuritis Patients$h[electronic resource]
=260  \\$aCambridge, MA$bMyJoVE Corp$c2016
=300  \\$aonline resource (743 seconds)
=490  0\$aMedicine
=500  \\$aTitle from resource description page
=520  \\$aObject From Motion (OFM) and Time-constrained stereo protocols are sensitive tools to identify monocular and binocular dynamic visual function deficits, which are uniquely affected in optic neuritis patients. Furthermore, these tests may be used as quantitative noninvasive tools to assess the extent of myelination along visual pathways.
=521  \\$aFor undergraduate, graduate, and professional students
=546  \\$aEnglish
=650  \0$aMedicine
=856  40$uhttps://www.jove.com/video/51107
=945  \\$aThe Whole World

