=LDR  00895ngm a2200000i 4500
=001  JoVEMedicine51049
=008  161201s2016\\\\xx\\\\\g\\\\\\s\\\\\eng\d
=035  \\$a(OCoLC)733445860
=040  \\$aVaAlASP$cVaAlASP
=100  1\$aDemir,Ihsan Ekin
=245  12$aSimulating Pancreatic Neuroplasticity: In Vitro Dual-neuron Plasticity Assay$h[electronic resource]
=260  \\$aCambridge, MA$bMyJoVE Corp$c2016
=300  \\$aonline resource (629 seconds)
=490  0\$aMedicine
=500  \\$aTitle from resource description page
=520  \\$aNeuronal plasticity is an increasingly recognized, but insufficiently understood feature of the gastrointestinal (GI) tract. Here, in the example of human pancreatic disorders, we present an in vitro neuroplasticity assay for the study of neuronal plasticity in the GI tract at both morphological and functional level.
=521  \\$aFor undergraduate, graduate, and professional students
=546  \\$aEnglish
=650  \0$aMedicine
=856  40$uhttps://www.jove.com/video/51049
=945  \\$aThe Whole World

