=LDR  01001ngm a2200000i 4500
=001  JoVEMedicine50887
=008  161201s2016\\\\xx\\\\\g\\\\\\s\\\\\eng\d
=035  \\$a(OCoLC)733445860
=040  \\$aVaAlASP$cVaAlASP
=100  1\$aRamirez,Joel
=245  12$aLesion Explorer: A Video-guided, Standardized Protocol for Accurate and Reliable MRI-derived Volumetrics in Alzheimer's Disease and Normal Elderly$h[electronic resource]
=260  \\$aCambridge, MA$bMyJoVE Corp$c2016
=300  \\$aonline resource (770 seconds)
=490  0\$aMedicine
=500  \\$aTitle from resource description page
=520  \\$aLesion Explorer (LE) is a semi-automatic, image-processing pipeline developed to obtain regional brain tissue and subcortical hyperintensity lesion volumetrics from structural MRI of Alzheimer's disease and normal elderly.  To ensure a high level of accuracy and reliability, the following is a video-guided, standardized protocol for LE's manual procedures.
=521  \\$aFor undergraduate, graduate, and professional students
=546  \\$aEnglish
=650  \0$aMedicine
=856  40$uhttps://www.jove.com/video/50887
=945  \\$aThe Whole World

