=LDR  00896ngm a2200000i 4500
=001  JoVEBiology51322
=008  161201s2016\\\\xx\\\\\g\\\\\\s\\\\\eng\d
=035  \\$a(OCoLC)733445860
=040  \\$aVaAlASP$cVaAlASP
=100  1\$aLane,Darius J. R.
=245  12$aA Rapid and Specific Microplate Assay for the Determination of Intra- and Extracellular Ascorbate in Cultured Cells$h[electronic resource]
=260  \\$aCambridge, MA$bMyJoVE Corp$c2016
=300  \\$aonline resource (716 seconds)
=490  0\$aBiology
=500  \\$aTitle from resource description page
=520  \\$aAscorbate plays numerous important roles in cellular metabolism, many of which have only come to light in recent years. Here we describe a medium-throughput, specific and inexpensive microplate assay for the determination of both intra- and extracellular ascorbate in cell culture. 
=521  \\$aFor undergraduate, graduate, and professional students
=546  \\$aEnglish
=650  \0$aBiology
=856  40$uhttps://www.jove.com/video/51322
=945  \\$aThe Whole World

