=LDR  00903ngm a2200000i 4500
=001  JoVEBiology51220
=008  161201s2016\\\\xx\\\\\g\\\\\\s\\\\\eng\d
=035  \\$a(OCoLC)733445860
=040  \\$aVaAlASP$cVaAlASP
=100  1\$aSoldi,Monica
=245  12$aThe ChroP Approach Combines ChIP and Mass Spectrometry to Dissect Locus-specific Proteomic Landscapes of Chromatin$h[electronic resource]
=260  \\$aCambridge, MA$bMyJoVE Corp$c2016
=300  \\$aonline resource (1442 seconds)
=490  0\$aBiology
=500  \\$aTitle from resource description page
=520  \\$aBy combining native and crosslinking chromatin immunoprecipitation with high-resolution Mass Spectrometry, ChroP approach enables to dissect the composite proteomic architecture of histone modifications, variants and non-histonic proteins synergizing at functionally distinct chromatin domains.
=521  \\$aFor undergraduate, graduate, and professional students
=546  \\$aEnglish
=650  \0$aBiology
=856  40$uhttps://www.jove.com/video/51220
=945  \\$aThe Whole World

