=LDR  00913ngm a2200000i 4500
=001  JoVEMedicine51329
=008  161201s2016\\\\xx\\\\\g\\\\\\s\\\\\eng\d
=035  \\$a(OCoLC)733445860
=040  \\$aVaAlASP$cVaAlASP
=100  1\$aXu,Zhaobin
=245  12$aA Murine Model of Myocardial Ischemia-reperfusion Injury through Ligation of the Left Anterior Descending Artery$h[electronic resource]
=260  \\$aCambridge, MA$bMyJoVE Corp$c2016
=300  \\$aonline resource (667 seconds)
=490  0\$aMedicine
=500  \\$aTitle from resource description page
=520  \\$aWe introduce a surgical method to induce experimental ischemia/reperfusion (I/R) injury to simulate myocardial infarction (MI) in mouse models that allows for more clarity in positioning of the ligation on the left anterior descending artery (LAD) to increase the reproducibility of MI experiments in mice.
=521  \\$aFor undergraduate, graduate, and professional students
=546  \\$aEnglish
=650  \0$aMedicine
=856  40$uhttps://www.jove.com/video/51329
=945  \\$aThe Whole World

