=LDR  00801ngm a2200000i 4500
=001  JoVEMedicine51412
=008  161201s2016\\\\xx\\\\\g\\\\\\s\\\\\eng\d
=035  \\$a(OCoLC)733445860
=040  \\$aVaAlASP$cVaAlASP
=100  1\$aBernier,Raphael
=245  12$aEEG Mu Rhythm in Typical and Atypical Development$h[electronic resource]
=260  \\$aCambridge, MA$bMyJoVE Corp$c2016
=300  \\$aonline resource (710 seconds)
=490  0\$aMedicine
=500  \\$aTitle from resource description page
=520  \\$aAssessment of the EEG mu rhythm provides a unique methodology for examining brain activity and when combined with behaviorally based assays, can be a powerful tool for elucidating aspects of social cognition, such as imitation, in clinical populations.
=521  \\$aFor undergraduate, graduate, and professional students
=546  \\$aEnglish
=650  \0$aMedicine
=856  40$uhttps://www.jove.com/video/51412
=945  \\$aThe Whole World

