=LDR  00890ngm a2200000i 4500
=001  JoVEBiology51343
=008  161201s2016\\\\xx\\\\\g\\\\\\s\\\\\eng\d
=035  \\$a(OCoLC)733445860
=040  \\$aVaAlASP$cVaAlASP
=100  1\$aPisano,Gina C.
=245  12$aAn Assay for Lateral Line Regeneration in Adult Zebrafish$h[electronic resource]
=260  \\$aCambridge, MA$bMyJoVE Corp$c2016
=300  \\$aonline resource (578 seconds)
=490  0\$aBiology
=500  \\$aTitle from resource description page
=520  \\$aBecause many zebrafish models of neurological and non-neurological diseases are studied in the adult fish rather than the embryo/larvae, we developed a quantitative lateral line regenerative assay that can be applied to adult zebrafish disease models. The assay involved resolution at the 1) neuromast and 2) individual hair cell levels.
=521  \\$aFor undergraduate, graduate, and professional students
=546  \\$aEnglish
=650  \0$aBiology
=856  40$uhttps://www.jove.com/video/51343
=945  \\$aThe Whole World

