=LDR  00856ngm a2200000i 4500
=001  JoVEBiology50846
=008  161201s2016\\\\xx\\\\\g\\\\\\s\\\\\eng\d
=035  \\$a(OCoLC)733445860
=040  \\$aVaAlASP$cVaAlASP
=100  1\$aMotohashi,Norio
=245  12$aIsolation, Culture, and Transplantation of Muscle Satellite Cells$h[electronic resource]
=260  \\$aCambridge, MA$bMyJoVE Corp$c2016
=300  \\$aonline resource (625 seconds)
=490  0\$aBiology
=500  \\$aTitle from resource description page
=520  \\$aThe isolation and culture of a pure population of quiescent satellite cells, a muscle stem cell population, is essential to the understanding of muscle stem cell biology and regeneration, as well as stem cell transplantation for therapies in muscular dystrophy and other degenerative diseases. 
=521  \\$aFor undergraduate, graduate, and professional students
=546  \\$aEnglish
=650  \0$aBiology
=856  40$uhttps://www.jove.com/video/50846
=945  \\$aThe Whole World

