=LDR  00855ngm a2200000i 4500
=001  JoVEMedicine51159
=008  161201s2016\\\\xx\\\\\g\\\\\\s\\\\\eng\d
=035  \\$a(OCoLC)733445860
=040  \\$aVaAlASP$cVaAlASP
=100  1\$aAnderson,Chastain
=245  12$aAn Alkali-burn Injury Model of Corneal Neovascularization in the Mouse$h[electronic resource]
=260  \\$aCambridge, MA$bMyJoVE Corp$c2016
=300  \\$aonline resource (652 seconds)
=490  0\$aMedicine
=500  \\$aTitle from resource description page
=520  \\$aNeovascularization (NV) of the cornea can complicate multiple visual pathologies. Utilizing a controlled, alkali-burn injury model, a quantifiable level of corneal NV can be produced for mechanistic study of corneal NV and evaluation of potential therapies for neovascular disorders.
=521  \\$aFor undergraduate, graduate, and professional students
=546  \\$aEnglish
=650  \0$aMedicine
=856  40$uhttps://www.jove.com/video/51159
=945  \\$aThe Whole World

