=LDR  00798ngm a2200000i 4500
=001  JoVEMedicine51083
=008  161201s2016\\\\xx\\\\\g\\\\\\s\\\\\eng\d
=035  \\$a(OCoLC)733445860
=040  \\$aVaAlASP$cVaAlASP
=100  1\$aChen,Hao
=245  12$aA Method to Study the Impact of Chemically-induced Ovarian Failure on Exercise Capacity and Cardiac Adaptation in Mice$h[electronic resource]
=260  \\$aCambridge, MA$bMyJoVE Corp$c2016
=300  \\$aonline resource (866 seconds)
=490  0\$aMedicine
=500  \\$aTitle from resource description page
=520  \\$aTwo exercise paradigms were tested on a newly developed chemically induced menopausal mouse model to examine the impact of menopause on exercise capacity and cardiac adaption to exercise.
=521  \\$aFor undergraduate, graduate, and professional students
=546  \\$aEnglish
=650  \0$aMedicine
=856  40$uhttps://www.jove.com/video/51083
=945  \\$aThe Whole World

