=LDR  00914ngm a2200000i 4500
=001  JoVEMedicine51559
=008  161201s2016\\\\xx\\\\\g\\\\\\s\\\\\eng\d
=035  \\$a(OCoLC)733445860
=040  \\$aVaAlASP$cVaAlASP
=100  1\$aPaveliev,Mikhail
=245  12$aAcute Brain Trauma in Mice Followed By Longitudinal Two-photon Imaging$h[electronic resource]
=260  \\$aCambridge, MA$bMyJoVE Corp$c2016
=300  \\$aonline resource (644 seconds)
=490  0\$aMedicine
=500  \\$aTitle from resource description page
=520  \\$aAcute brain trauma is a severe injury that has no adequate treatment to date. Multiphoton microscopy allows studying longitudinally the process of acute brain trauma development and probing therapeutical strategies in rodents. Two models of acute brain trauma studied with in vivo two-photon imaging of brain are demonstrated in this protocol.
=521  \\$aFor undergraduate, graduate, and professional students
=546  \\$aEnglish
=650  \0$aMedicine
=856  40$uhttps://www.jove.com/video/51559
=945  \\$aThe Whole World

