=LDR  00925ngm a2200000i 4500
=001  JoVEMedicine50269
=008  161201s2016\\\\xx\\\\\g\\\\\\s\\\\\eng\d
=035  \\$a(OCoLC)733445860
=040  \\$aVaAlASP$cVaAlASP
=100  1\$aThomas,Joanna L.
=245  12$aEndotracheal Intubation in Mice via Direct Laryngoscopy Using an Otoscope$h[electronic resource]
=260  \\$aCambridge, MA$bMyJoVE Corp$c2016
=300  \\$aonline resource (418 seconds)
=490  0\$aMedicine
=500  \\$aTitle from resource description page
=520  \\$aWe have developed a simple, reliable, and relatively inexpensive method for endotracheal intubation in mice via direct laryngoscopy using an otoscope with a 2.0 mm speculum. This technique is atraumatic and can be used for repeated measurements in chronic experiments. We find it superior to tracheostomy or previously reported nonsurgical techniques.
=521  \\$aFor undergraduate, graduate, and professional students
=546  \\$aEnglish
=650  \0$aMedicine
=856  40$uhttps://www.jove.com/video/50269
=945  \\$aThe Whole World

