=LDR  00958ngm a2200000i 4500
=001  JoVEBiology51320
=008  161201s2016\\\\xx\\\\\g\\\\\\s\\\\\eng\d
=035  \\$a(OCoLC)733445860
=040  \\$aVaAlASP$cVaAlASP
=100  1\$aLin,Chi-Iou
=245  12$aNanopodia - Thin, Fragile Membrane Projections with Roles in Cell Movement and Intercellular Interactions$h[electronic resource]
=260  \\$aCambridge, MA$bMyJoVE Corp$c2016
=300  \\$aonline resource (650 seconds)
=490  0\$aBiology
=500  \\$aTitle from resource description page
=520  \\$aNanopodia are thin but fragile membrane channels that extend up to 100 μm from a cell's leading front or trailing rear and sense the cellular environment. Direct fixation at 37 °C, gentle washing, and avoidance of organic solvents like ethanol, methanol, or acetone and of higher Triton X-100 concentrations are required to observe these cellular structures.
=521  \\$aFor undergraduate, graduate, and professional students
=546  \\$aEnglish
=650  \0$aBiology
=856  40$uhttps://www.jove.com/video/51320
=945  \\$aThe Whole World

