=LDR  00927ngm a2200000i 4500
=001  JoVEBiology51334
=008  161201s2016\\\\xx\\\\\g\\\\\\s\\\\\eng\d
=035  \\$a(OCoLC)733445860
=040  \\$aVaAlASP$cVaAlASP
=100  1\$aPassmore,Daniel R.
=245  12$aImaging Plasma Membrane Deformations With pTIRFM$h[electronic resource]
=260  \\$aCambridge, MA$bMyJoVE Corp$c2016
=300  \\$aonline resource (748 seconds)
=490  0\$aBiology
=500  \\$aTitle from resource description page
=520  \\$aPolarization-based Total Internal Reflection Fluorescence Microscopy (pTIRFM) enables real-time detection of cell membrane dynamics. This article describes the implementation of pTIRFM for the study of membrane remodeling during regulated exocytosis. The technique is generalizable to other processes in cell biology that directly or indirectly involve changes in membrane shape.
=521  \\$aFor undergraduate, graduate, and professional students
=546  \\$aEnglish
=650  \0$aBiology
=856  40$uhttps://www.jove.com/video/51334
=945  \\$aThe Whole World

