=LDR  00913ngm a2200000i 4500
=001  JoVEBiology50930
=008  161201s2016\\\\xx\\\\\g\\\\\\s\\\\\eng\d
=035  \\$a(OCoLC)733445860
=040  \\$aVaAlASP$cVaAlASP
=100  1\$aHermann,Mario
=245  12$aMouse Genome Engineering Using Designer Nucleases$h[electronic resource]
=260  \\$aCambridge, MA$bMyJoVE Corp$c2016
=300  \\$aonline resource (724 seconds)
=490  0\$aBiology
=500  \\$aTitle from resource description page
=520  \\$aDesigner nucleases such as zinc finger nucleases (ZFNs) and transcription activator-like effector nucleases (TALENs) can be used to modify the genome of mouse preimplantation embryos by triggering both the nonhomologous end joining (NHEJ) and homologous recombination (HR) pathways. These advances enable the rapid generation of mice with precise genetic modifications.
=521  \\$aFor undergraduate, graduate, and professional students
=546  \\$aEnglish
=650  \0$aBiology
=856  40$uhttps://www.jove.com/video/50930
=945  \\$aThe Whole World

