=LDR  00943ngm a2200000i 4500
=001  JoVEMedicine51242
=008  161201s2016\\\\xx\\\\\g\\\\\\s\\\\\eng\d
=035  \\$a(OCoLC)733445860
=040  \\$aVaAlASP$cVaAlASP
=100  1\$aManasa,Justen
=245  12$aAn Affordable HIV-1 Drug Resistance Monitoring Method for Resource Limited Settings$h[electronic resource]
=260  \\$aCambridge, MA$bMyJoVE Corp$c2016
=300  \\$aonline resource (1197 seconds)
=490  0\$aMedicine
=500  \\$aTitle from resource description page
=520  \\$aDrug resistance testing for HIV-1 infected individuals failing antiretroviral therapy (ART) can guide future therapies and improve treatment outcomes. Optimizing individual and population health outcomes in high HIV prevalence but resource-limited settings will ultimately require affordable and accessible drug resistance genotyping and interpretation methods.
=521  \\$aFor undergraduate, graduate, and professional students
=546  \\$aEnglish
=650  \0$aMedicine
=856  40$uhttps://www.jove.com/video/51242
=945  \\$aThe Whole World

