=LDR  00922ngm a2200000i 4500
=001  JoVEBiology51293
=008  161201s2016\\\\xx\\\\\g\\\\\\s\\\\\eng\d
=035  \\$a(OCoLC)733445860
=040  \\$aVaAlASP$cVaAlASP
=100  1\$aGarcía-Cano,Elena
=245  12$aAssaying Proteasomal Degradation in a Cell-free System in Plants$h[electronic resource]
=260  \\$aCambridge, MA$bMyJoVE Corp$c2016
=300  \\$aonline resource (463 seconds)
=490  0\$aBiology
=500  \\$aTitle from resource description page
=520  \\$aTargeted protein degradation represents a major regulatory mechanism for cell function. It occurs via a conserved ubiquitin-proteasome pathway, which attaches polyubiquitin chains to the target protein that then serve as molecular "tags" for the 26S proteasome. Here, we describe a simple and reliable cell-free assay for proteasomal degradation of proteins.
=521  \\$aFor undergraduate, graduate, and professional students
=546  \\$aEnglish
=650  \0$aBiology
=856  40$uhttps://www.jove.com/video/51293
=945  \\$aThe Whole World

