=LDR  01009ngm a2200000i 4500
=001  JoVEMedicine51171
=008  161201s2016\\\\xx\\\\\g\\\\\\s\\\\\eng\d
=035  \\$a(OCoLC)733445860
=040  \\$aVaAlASP$cVaAlASP
=100  1\$aRutkowski,Melanie R.
=245  12$aInitiation of Metastatic Breast Carcinoma by Targeting of the Ductal Epithelium with Adenovirus-Cre: A Novel Transgenic Mouse Model of Breast Cancer$h[electronic resource]
=260  \\$aCambridge, MA$bMyJoVE Corp$c2016
=300  \\$aonline resource (433 seconds)
=490  0\$aMedicine
=500  \\$aTitle from resource description page
=520  \\$aActivation of latent mutations with adenovirus-Cre into the mammary ductal system results in a clinically relevant metastatic breast cancer. Incorporation of a YFP promoter allows tracking of distal metastatic tumor cells. This model is useful to study latent metastasis, anti-tumor immunity, and for designing novel immunotherapies to treat breast cancer.
=521  \\$aFor undergraduate, graduate, and professional students
=546  \\$aEnglish
=650  \0$aMedicine
=856  40$uhttps://www.jove.com/video/51171
=945  \\$aThe Whole World

