=LDR  00855ngm a2200000i 4500
=001  JoVEBiology50697
=008  161201s2016\\\\xx\\\\\g\\\\\\s\\\\\eng\d
=035  \\$a(OCoLC)733445860
=040  \\$aVaAlASP$cVaAlASP
=100  1\$aJacox,Laura A.
=245  12$aFacial Transplants in Xenopus laevis Embryos$h[electronic resource]
=260  \\$aCambridge, MA$bMyJoVE Corp$c2016
=300  \\$aonline resource (548 seconds)
=490  0\$aBiology
=500  \\$aTitle from resource description page
=520  \\$aA technique for transplanting "Extreme Anterior Domain" facial tissue between Xenopus laevis embryos has been developed. Tissue can be moved from one gene expression background into another, allowing the study of local requirements for craniofacial development and for signaling interactions between facial regions.
=521  \\$aFor undergraduate, graduate, and professional students
=546  \\$aEnglish
=650  \0$aBiology
=856  40$uhttps://www.jove.com/video/50697
=945  \\$aThe Whole World

