=LDR  00950ngm a2200000i 4500
=001  JoVEBiology51418
=008  161201s2016\\\\xx\\\\\g\\\\\\s\\\\\eng\d
=035  \\$a(OCoLC)733445860
=040  \\$aVaAlASP$cVaAlASP
=100  1\$aMa,Jingqun
=245  12$aAffinity-based Isolation of Tagged Nuclei from Drosophila Tissues for Gene Expression Analysis$h[electronic resource]
=260  \\$aCambridge, MA$bMyJoVE Corp$c2016
=300  \\$aonline resource (768 seconds)
=490  0\$aBiology
=500  \\$aTitle from resource description page
=520  \\$aDrosophila tissues often contain a heterogeneous mixture of cell types. To examine gene expression in specific cell types from a particular tissue, nuclei can be genetically tagged and subsequently isolated using an affinity-based approach. Isolated nuclei can be used for downstream applications such as gene expression analysis and chromatin immunoprecipitation.
=521  \\$aFor undergraduate, graduate, and professional students
=546  \\$aEnglish
=650  \0$aBiology
=856  40$uhttps://www.jove.com/video/51418
=945  \\$aThe Whole World

