=LDR  00941ngm a2200000i 4500
=001  JoVEBiology51308
=008  161201s2016\\\\xx\\\\\g\\\\\\s\\\\\eng\d
=035  \\$a(OCoLC)733445860
=040  \\$aVaAlASP$cVaAlASP
=100  1\$aSalvat,Regina
=245  12$aA High Throughput MHC II Binding Assay for Quantitative Analysis of Peptide Epitopes$h[electronic resource]
=260  \\$aCambridge, MA$bMyJoVE Corp$c2016
=300  \\$aonline resource (479 seconds)
=490  0\$aBiology
=500  \\$aTitle from resource description page
=520  \\$aBiochemical assays with recombinant human MHC II molecules can provide rapid, quantitative insights into immunogenic epitope identification, deletion, or design.  Here, a peptide-MHC II binding assay scaled to 384-well plates is described. This cost effective format should prove useful in the fields of protein deimmunization and vaccine design and development.
=521  \\$aFor undergraduate, graduate, and professional students
=546  \\$aEnglish
=650  \0$aBiology
=856  40$uhttps://www.jove.com/video/51308
=945  \\$aThe Whole World

