=LDR  00773ngm a2200000i 4500
=001  JoVEBiology51106
=008  161201s2016\\\\xx\\\\\g\\\\\\s\\\\\eng\d
=035  \\$a(OCoLC)733445860
=040  \\$aVaAlASP$cVaAlASP
=100  1\$aDefour,Aurelia
=245  12$aImaging Cell Membrane Injury and Subcellular Processes Involved in Repair$h[electronic resource]
=260  \\$aCambridge, MA$bMyJoVE Corp$c2016
=300  \\$aonline resource (1004 seconds)
=490  0\$aBiology
=500  \\$aTitle from resource description page
=520  \\$aThe process of healing injured cells involves trafficking of specific proteins and subcellular compartments to the site of cell membrane injury. This protocol describes assays to monitor these processes.
=521  \\$aFor undergraduate, graduate, and professional students
=546  \\$aEnglish
=650  \0$aBiology
=856  40$uhttps://www.jove.com/video/51106
=945  \\$aThe Whole World

