=LDR  00915ngm a2200000i 4500
=001  JoVEMedicine4345
=008  161201s2016\\\\xx\\\\\g\\\\\\s\\\\\eng\d
=035  \\$a(OCoLC)733445860
=040  \\$aVaAlASP$cVaAlASP
=100  1\$aCollins,Andrea M.
=245  12$aBronchoalveolar Lavage (BAL) for Research; Obtaining Adequate Sample Yield$h[electronic resource]
=260  \\$aCambridge, MA$bMyJoVE Corp$c2016
=300  \\$aonline resource (707 seconds)
=490  0\$aMedicine
=500  \\$aTitle from resource description page
=520  \\$aWe describe a research technique for fiberoptic bronchoscopy and bronchoalveolar lavage using low pressure suction. The technique is used to harvest immune cells from the lung bronchoalveolar surfaces. Local anesthetic and mild conscious sedation (midazolam) is used. Subjects tolerate the procedure well and experience minimal side effects.
=521  \\$aFor undergraduate, graduate, and professional students
=546  \\$aEnglish
=650  \0$aMedicine
=856  40$uhttps://www.jove.com/video/4345
=945  \\$aThe Whole World

