=LDR  00808ngm a2200000i 4500
=001  JoVEBiology51229
=008  161201s2016\\\\xx\\\\\g\\\\\\s\\\\\eng\d
=035  \\$a(OCoLC)733445860
=040  \\$aVaAlASP$cVaAlASP
=100  1\$aNjoo,Christian
=245  12$aIn Vivo SiRNA Transfection and Gene Knockdown in Spinal Cord via Rapid Noninvasive Lumbar Intrathecal Injections in Mice$h[electronic resource]
=260  \\$aCambridge, MA$bMyJoVE Corp$c2016
=300  \\$aonline resource (324 seconds)
=490  0\$aBiology
=500  \\$aTitle from resource description page
=520  \\$aThis report describes a simple and rapid technique of intrathecal needle puncture for a localized transfection of siRNA in the lumbar spinal cord in mouse under short lasting light anesthesia.
=521  \\$aFor undergraduate, graduate, and professional students
=546  \\$aEnglish
=650  \0$aBiology
=856  40$uhttps://www.jove.com/video/51229
=945  \\$aThe Whole World

