=LDR  00881ngm a2200000i 4500
=001  JoVEBiology51206
=008  161201s2016\\\\xx\\\\\g\\\\\\s\\\\\eng\d
=035  \\$a(OCoLC)733445860
=040  \\$aVaAlASP$cVaAlASP
=100  1\$aYates,Luke A.
=245  12$aEfficient Production and Purification of Recombinant Murine Kindlin-3 from Insect Cells for Biophysical Studies$h[electronic resource]
=260  \\$aCambridge, MA$bMyJoVE Corp$c2016
=300  \\$aonline resource (832 seconds)
=490  0\$aBiology
=500  \\$aTitle from resource description page
=520  \\$aKindlins are fundamental to cell adhesion through integrins but studies of them have been hampered by the difficulty encountered in expressing them recombinantly in bacterial hosts. We describe here methods for their efficient production in baculovirus-infected insect cells.
=521  \\$aFor undergraduate, graduate, and professional students
=546  \\$aEnglish
=650  \0$aBiology
=856  40$uhttps://www.jove.com/video/51206
=945  \\$aThe Whole World

