=LDR  00734ngm a2200000i 4500
=001  JoVEBiology51280
=008  161201s2016\\\\xx\\\\\g\\\\\\s\\\\\eng\d
=035  \\$a(OCoLC)733445860
=040  \\$aVaAlASP$cVaAlASP
=100  1\$aPavie,Benjamin
=245  12$aRapid Analysis and Exploration of Fluorescence Microscopy Images$h[electronic resource]
=260  \\$aCambridge, MA$bMyJoVE Corp$c2016
=300  \\$aonline resource (701 seconds)
=490  0\$aBiology
=500  \\$aTitle from resource description page
=520  \\$aHere we describe a workflow for rapidly analyzing and exploring collections of fluorescence microscopy images using PhenoRipper, a recently developed image-analysis platform.
=521  \\$aFor undergraduate, graduate, and professional students
=546  \\$aEnglish
=650  \0$aBiology
=856  40$uhttps://www.jove.com/video/51280
=945  \\$aThe Whole World

