=LDR  00766ngm a2200000i 4500
=001  JoVEMedicine51213
=008  161201s2016\\\\xx\\\\\g\\\\\\s\\\\\eng\d
=035  \\$a(OCoLC)733445860
=040  \\$aVaAlASP$cVaAlASP
=100  1\$aMeier,Daniela
=245  12$aCytotoxic Efficacy of Photodynamic Therapy in Osteosarcoma Cells In Vitro$h[electronic resource]
=260  \\$aCambridge, MA$bMyJoVE Corp$c2016
=300  \\$aonline resource (484 seconds)
=490  0\$aMedicine
=500  \\$aTitle from resource description page
=520  \\$aThe protocol reported here allows the evaluation of the efficacy of photodynamic therapy (PDT) in cell lines and the optimization of the PDT settings before applying the therapy in animal models.
=521  \\$aFor undergraduate, graduate, and professional students
=546  \\$aEnglish
=650  \0$aMedicine
=856  40$uhttps://www.jove.com/video/51213
=945  \\$aThe Whole World

