=LDR  00868ngm a2200000i 4500
=001  JoVEBiology51073
=008  161201s2016\\\\xx\\\\\g\\\\\\s\\\\\eng\d
=035  \\$a(OCoLC)733445860
=040  \\$aVaAlASP$cVaAlASP
=100  1\$aNast,Anastasia R.
=245  12$aAblation of a Single Cell From Eight-cell Embryos of the Amphipod Crustacean Parhyale hawaiensis$h[electronic resource]
=260  \\$aCambridge, MA$bMyJoVE Corp$c2016
=300  \\$aonline resource (650 seconds)
=490  0\$aBiology
=500  \\$aTitle from resource description page
=520  \\$aThe amphipod Parhyale hawaiensis is a promising model organism for studies of crustacean embryology and comparative arthropod development and evolution. This protocol describes a method for manual removal of single blastomeres from early cleavage stage embryos of Parhyale.
=521  \\$aFor undergraduate, graduate, and professional students
=546  \\$aEnglish
=650  \0$aBiology
=856  40$uhttps://www.jove.com/video/51073
=945  \\$aThe Whole World

