=LDR  01011ngm a2200000i 4500
=001  JoVEBiology51150
=008  161201s2016\\\\xx\\\\\g\\\\\\s\\\\\eng\d
=035  \\$a(OCoLC)733445860
=040  \\$aVaAlASP$cVaAlASP
=100  1\$aVolkov,Vladimir A.
=245  12$aPreparation of Segmented Microtubules to Study Motions Driven by the Disassembling Microtubule Ends$h[electronic resource]
=260  \\$aCambridge, MA$bMyJoVE Corp$c2016
=300  \\$aonline resource (740 seconds)
=490  0\$aBiology
=500  \\$aTitle from resource description page
=520  \\$aMicrotubules are inherently unstable polymers, and their switching between growth and shortening is stochastic and difficult to control. Here we describe protocols using segmented microtubules with photoablatable stabilizing caps. Depolymerization of segmented microtubules can be triggered with high temporal and spatial resolution, thereby assisting analysis of motions with the disassembling microtubule ends.
=521  \\$aFor undergraduate, graduate, and professional students
=546  \\$aEnglish
=650  \0$aBiology
=856  40$uhttps://www.jove.com/video/51150
=945  \\$aThe Whole World

