=LDR  00843ngm a2200000i 4500
=001  JoVEMedicine51332
=008  161201s2016\\\\xx\\\\\g\\\\\\s\\\\\eng\d
=035  \\$a(OCoLC)733445860
=040  \\$aVaAlASP$cVaAlASP
=100  1\$aVidal,Samuel J.
=245  12$aIsolation of Cancer Stem Cells From Human Prostate Cancer Samples$h[electronic resource]
=260  \\$aCambridge, MA$bMyJoVE Corp$c2016
=300  \\$aonline resource (436 seconds)
=490  0\$aMedicine
=500  \\$aTitle from resource description page
=520  \\$aThe isolation of cancer stem cells (CSCs) directly from human tissues is requisite for their biological characterization. This manuscript describes a methodology for the isolation of prostate CSCs from human tissues, while also providing tips on troubleshooting difficult steps.
=521  \\$aFor undergraduate, graduate, and professional students
=546  \\$aEnglish
=650  \0$aMedicine
=856  40$uhttps://www.jove.com/video/51332
=945  \\$aThe Whole World

