=LDR  00987ngm a2200000i 4500
=001  JoVEBiology51265
=008  161201s2016\\\\xx\\\\\g\\\\\\s\\\\\eng\d
=035  \\$a(OCoLC)733445860
=040  \\$aVaAlASP$cVaAlASP
=100  1\$aLesnik,Chen
=245  12$aIsolation of mRNAs Associated with Yeast Mitochondria to Study Mechanisms of Localized Translation$h[electronic resource]
=260  \\$aCambridge, MA$bMyJoVE Corp$c2016
=300  \\$aonline resource (884 seconds)
=490  0\$aBiology
=500  \\$aTitle from resource description page
=520  \\$aMany mRNAs encoding mitochondrial proteins are associated with the mitochondria outer membrane. We describe a subcellular fractionation procedure aimed at isolation of yeast mitochondria with its associated mRNAs and ribosomes. This protocol can be applied to cells grown under diverse conditions in order to reveal mechanisms of mRNA localization and localized translation near the mitochondria.
=521  \\$aFor undergraduate, graduate, and professional students
=546  \\$aEnglish
=650  \0$aBiology
=856  40$uhttps://www.jove.com/video/51265
=945  \\$aThe Whole World

