=LDR  00997ngm a2200000i 4500
=001  JoVEBiology51103
=008  161201s2016\\\\xx\\\\\g\\\\\\s\\\\\eng\d
=035  \\$a(OCoLC)733445860
=040  \\$aVaAlASP$cVaAlASP
=100  1\$aTrompelt,Kerstin
=245  12$aA New Approach for the Comparative Analysis of Multiprotein Complexes Based on 15N Metabolic Labeling and Quantitative Mass Spectrometry$h[electronic resource]
=260  \\$aCambridge, MA$bMyJoVE Corp$c2016
=300  \\$aonline resource (484 seconds)
=490  0\$aBiology
=500  \\$aTitle from resource description page
=520  \\$aThe described comparative, quantitative proteomic approach aims at obtaining insights into the composition of multiprotein complexes under different conditions and is demonstrated by comparing genetically different strains. For quantitative analysis equal volumes of different fractions from a sucrose density gradient are mixed and analyzed by mass spectrometry.
=521  \\$aFor undergraduate, graduate, and professional students
=546  \\$aEnglish
=650  \0$aBiology
=856  40$uhttps://www.jove.com/video/51103
=945  \\$aThe Whole World

