=LDR  00825ngm a2200000i 4500
=001  JoVEMedicine51253
=008  161201s2016\\\\xx\\\\\g\\\\\\s\\\\\eng\d
=035  \\$a(OCoLC)733445860
=040  \\$aVaAlASP$cVaAlASP
=100  1\$aTai,Lee-Hwa
=245  12$aA Mouse Tumor Model of Surgical Stress to Explore the Mechanisms of Postoperative Immunosuppression and Evaluate Novel Perioperative Immunotherapies$h[electronic resource]
=260  \\$aCambridge, MA$bMyJoVE Corp$c2016
=300  \\$aonline resource (817 seconds)
=490  0\$aMedicine
=500  \\$aTitle from resource description page
=520  \\$aA mouse tumor model of surgical stress is used to explore how postoperative immune suppression promotes metastatic disease and to evaluate immunostimulatory perioperative therapies.
=521  \\$aFor undergraduate, graduate, and professional students
=546  \\$aEnglish
=650  \0$aMedicine
=856  40$uhttps://www.jove.com/video/51253
=945  \\$aThe Whole World

