=LDR  00861ngm a2200000i 4500
=001  JoVEMedicine51426
=008  161201s2016\\\\xx\\\\\g\\\\\\s\\\\\eng\d
=035  \\$a(OCoLC)733445860
=040  \\$aVaAlASP$cVaAlASP
=100  1\$aWang,Hongwei
=245  12$aRNAscope for In situ Detection of Transcriptionally Active Human Papillomavirus in Head and Neck Squamous Cell Carcinoma$h[electronic resource]
=260  \\$aCambridge, MA$bMyJoVE Corp$c2016
=300  \\$aonline resource (626 seconds)
=490  0\$aMedicine
=500  \\$aTitle from resource description page
=520  \\$aThe presence of high-risk HPV in head and neck tumor tissue is associated with favorable outcomes. The recently developed RNA in situ hybridization technique called RNAscope allows direct visualization of HPV E6/E7 mRNA in FFPE tissue sections.
=521  \\$aFor undergraduate, graduate, and professional students
=546  \\$aEnglish
=650  \0$aMedicine
=856  40$uhttps://www.jove.com/video/51426
=945  \\$aThe Whole World

