=LDR  00833ngm a2200000i 4500
=001  JoVEBiology51231
=008  161201s2016\\\\xx\\\\\g\\\\\\s\\\\\eng\d
=035  \\$a(OCoLC)733445860
=040  \\$aVaAlASP$cVaAlASP
=100  1\$aQueliconi,Bruno B.
=245  12$aAn Anoxia-starvation Model for Ischemia/Reperfusion in C. elegans$h[electronic resource]
=260  \\$aCambridge, MA$bMyJoVE Corp$c2016
=300  \\$aonline resource (564 seconds)
=490  0\$aBiology
=500  \\$aTitle from resource description page
=520  \\$aA protocol is described that uses anoxia/starvation in C. elegans to model ischemia/reperfusion. Functional outcomes include increased mortality, visible abnormalities in GFP-labeled neuronal processes, and impaired behavioral responses that require neuronal function.
=521  \\$aFor undergraduate, graduate, and professional students
=546  \\$aEnglish
=650  \0$aBiology
=856  40$uhttps://www.jove.com/video/51231
=945  \\$aThe Whole World

