=LDR  00898ngm a2200000i 4500
=001  JoVEBiology51040
=008  161201s2016\\\\xx\\\\\g\\\\\\s\\\\\eng\d
=035  \\$a(OCoLC)733445860
=040  \\$aVaAlASP$cVaAlASP
=100  1\$aRudokas,Michael W.
=245  12$aThe Xenopus Oocyte Cut-open Vaseline Gap Voltage-clamp Technique With Fluorometry$h[electronic resource]
=260  \\$aCambridge, MA$bMyJoVE Corp$c2016
=300  \\$aonline resource (657 seconds)
=490  0\$aBiology
=500  \\$aTitle from resource description page
=520  \\$aThe  cut-open Vaseline gap approach is used to obtain low noise recordings of ionic and  gating currents from voltage-dependent ion channels expressed in Xenopus oocytes with high resolution of  fast channel kinetics. With minor modification, voltage clamp fluorometry can  be coupled to the cut-open oocyte protocol.
=521  \\$aFor undergraduate, graduate, and professional students
=546  \\$aEnglish
=650  \0$aBiology
=856  40$uhttps://www.jove.com/video/51040
=945  \\$aThe Whole World

