=LDR  00925ngm a2200000i 4500
=001  JoVEBiology51327
=008  161201s2016\\\\xx\\\\\g\\\\\\s\\\\\eng\d
=035  \\$a(OCoLC)733445860
=040  \\$aVaAlASP$cVaAlASP
=100  1\$aSchweiger,Regina
=245  12$aProtein-protein Interactions Visualized by Bimolecular Fluorescence Complementation in Tobacco Protoplasts and Leaves$h[electronic resource]
=260  \\$aCambridge, MA$bMyJoVE Corp$c2016
=300  \\$aonline resource (670 seconds)
=490  0\$aBiology
=500  \\$aTitle from resource description page
=520  \\$aFormation of protein complexes in vivo can be visualized by bimolecular fluorescence complementation. Interaction partners are fused to complementary parts of fluorescent tags and transiently expressed in tobacco leaves, resulting in a reconstituted fluorescent signal upon close proximity of the two proteins.
=521  \\$aFor undergraduate, graduate, and professional students
=546  \\$aEnglish
=650  \0$aBiology
=856  40$uhttps://www.jove.com/video/51327
=945  \\$aThe Whole World

