=LDR  00908ngm a2200000i 4500
=001  JoVEMedicine50947
=008  161201s2016\\\\xx\\\\\g\\\\\\s\\\\\eng\d
=035  \\$a(OCoLC)733445860
=040  \\$aVaAlASP$cVaAlASP
=100  1\$aParikh,Mukti R.
=245  12$aA Three-dimensional Tissue Culture Model to Study Primary Human Bone Marrow and its Malignancies$h[electronic resource]
=260  \\$aCambridge, MA$bMyJoVE Corp$c2016
=300  \\$aonline resource (531 seconds)
=490  0\$aMedicine
=500  \\$aTitle from resource description page
=520  \\$aIn standard culture methods cells are taken out of their physiological environment and grown on the plastic surface of a dish. To study the behavior of primary human bone marrow cells we created a 3-D culture system where cells are grown under conditions recapitulating the native microenvironment of the tissue.
=521  \\$aFor undergraduate, graduate, and professional students
=546  \\$aEnglish
=650  \0$aMedicine
=856  40$uhttps://www.jove.com/video/50947
=945  \\$aThe Whole World

