=LDR  00909ngm a2200000i 4500
=001  JoVEBiology51186
=008  161201s2016\\\\xx\\\\\g\\\\\\s\\\\\eng\d
=035  \\$a(OCoLC)733445860
=040  \\$aVaAlASP$cVaAlASP
=100  1\$aDarville,Lancia N.F.
=245  12$aBottom-up and Shotgun Proteomics to Identify a Comprehensive Cochlear Proteome$h[electronic resource]
=260  \\$aCambridge, MA$bMyJoVE Corp$c2016
=300  \\$aonline resource (863 seconds)
=490  0\$aBiology
=500  \\$aTitle from resource description page
=520  \\$aProteome analysis of the cochlear sensory epithelium can be challenging due to its small size and because membrane proteins are difficult to isolate and identify. Both membrane and soluble proteins can be identified by combining multiple preparative methods and separation techniques along with high-resolution mass spectrometry.
=521  \\$aFor undergraduate, graduate, and professional students
=546  \\$aEnglish
=650  \0$aBiology
=856  40$uhttps://www.jove.com/video/51186
=945  \\$aThe Whole World

