=LDR  00889ngm a2200000i 4500
=001  JoVEMedicine51146
=008  161201s2016\\\\xx\\\\\g\\\\\\s\\\\\eng\d
=035  \\$a(OCoLC)733445860
=040  \\$aVaAlASP$cVaAlASP
=100  1\$aZhou,Heling
=245  12$aUltrasound Imaging-guided Intracardiac Injection to Develop a Mouse Model of Breast Cancer Brain Metastases Followed by Longitudinal MRI$h[electronic resource]
=260  \\$aCambridge, MA$bMyJoVE Corp$c2016
=300  \\$aonline resource (516 seconds)
=490  0\$aMedicine
=500  \\$aTitle from resource description page
=520  \\$aA breast cancer brain metastasis mouse model is established with ultrasound imaging-guided intracardiac injection of MDA-MB231/Br-GFP cells. Development of multifocal intracranial metastases has been monitored longitudinally using high-resolution 9.4 T MRI.
=521  \\$aFor undergraduate, graduate, and professional students
=546  \\$aEnglish
=650  \0$aMedicine
=856  40$uhttps://www.jove.com/video/51146
=945  \\$aThe Whole World

