=LDR  00933ngm a2200000i 4500
=001  JoVEBiology51434
=008  161201s2016\\\\xx\\\\\g\\\\\\s\\\\\eng\d
=035  \\$a(OCoLC)733445860
=040  \\$aVaAlASP$cVaAlASP
=100  1\$aGemperline,Erin
=245  12$aMALDI-Mass Spectrometric Imaging for the Investigation of Metabolites in Medicago truncatula Root Nodules$h[electronic resource]
=260  \\$aCambridge, MA$bMyJoVE Corp$c2016
=300  \\$aonline resource (599 seconds)
=490  0\$aBiology
=500  \\$aTitle from resource description page
=520  \\$aMass spectrometric imaging (MSI) is a powerful tool that can be used to discover and identify various chemical species in intact tissues, preserving the compounds in their native environments, which can provide new insights into biological processes. Herein a MSI method developed for the analysis of small molecules is described. 
=521  \\$aFor undergraduate, graduate, and professional students
=546  \\$aEnglish
=650  \0$aBiology
=856  40$uhttps://www.jove.com/video/51434
=945  \\$aThe Whole World

