=LDR  00921ngm a2200000i 4500
=001  JoVEBiology51118
=008  161201s2016\\\\xx\\\\\g\\\\\\s\\\\\eng\d
=035  \\$a(OCoLC)733445860
=040  \\$aVaAlASP$cVaAlASP
=100  1\$aMilet,Cecile
=245  12$aDissection of Xenopus laevis Neural Crest for in vitro Explant Culture or in vivo Transplantation$h[electronic resource]
=260  \\$aCambridge, MA$bMyJoVE Corp$c2016
=300  \\$aonline resource (547 seconds)
=490  0\$aBiology
=500  \\$aTitle from resource description page
=520  \\$aThis protocol describes how to dissect premigratory cranial neural crest (NC) from Xenopus laevis neurulas. These explants can be plated on fibronectin and cultured in vitro, or grafted back into host embryos. This technique allows studying the mechanisms of NC epithelium-to-mesenchyme transition, migration, and differentiation.
=521  \\$aFor undergraduate, graduate, and professional students
=546  \\$aEnglish
=650  \0$aBiology
=856  40$uhttps://www.jove.com/video/51118
=945  \\$aThe Whole World

