=LDR  00932ngm a2200000i 4500
=001  JoVEMedicine51056
=008  161201s2016\\\\xx\\\\\g\\\\\\s\\\\\eng\d
=035  \\$a(OCoLC)733445860
=040  \\$aVaAlASP$cVaAlASP
=100  1\$aMenon,Parvathi
=245  12$aUtility of Dissociated Intrinsic Hand Muscle Atrophy in the Diagnosis of Amyotrophic Lateral Sclerosis$h[electronic resource]
=260  \\$aCambridge, MA$bMyJoVE Corp$c2016
=300  \\$aonline resource (496 seconds)
=490  0\$aMedicine
=500  \\$aTitle from resource description page
=520  \\$aDissociated atrophy of intrinsic hand muscles, termed the split hand, appears to be a specific feature of amyotrophic lateral sclerosis (ALS). Consequently, a novel neurodiagnostic test, termed the split hand index, was developed to quantify the clinical phenomenon of the split hand, which differentiated ALS from mimic disorders.
=521  \\$aFor undergraduate, graduate, and professional students
=546  \\$aEnglish
=650  \0$aMedicine
=856  40$uhttps://www.jove.com/video/51056
=945  \\$aThe Whole World

