=LDR  00956ngm a2200000i 4500
=001  JoVEMedicine50910
=008  161201s2016\\\\xx\\\\\g\\\\\\s\\\\\eng\d
=035  \\$a(OCoLC)733445860
=040  \\$aVaAlASP$cVaAlASP
=100  1\$aBell,Marshall T.
=245  12$aReproducable Paraplegia by Thoracic Aortic Occlusion in a Murine Model of Spinal Cord Ischemia-reperfusion$h[electronic resource]
=260  \\$aCambridge, MA$bMyJoVE Corp$c2016
=300  \\$aonline resource (359 seconds)
=490  0\$aMedicine
=500  \\$aTitle from resource description page
=520  \\$aThe lack of mechanistic understanding of spinal cord ischemia-reperfusion injury has hindered further adjuncts to prevent paraplegia following high risk aortic operations. Thus, the development of animal models is imperative. This manuscript demonstrates reproducible lower extremity paralysis following thoracic aortic occlusion in a murine model. 
=521  \\$aFor undergraduate, graduate, and professional students
=546  \\$aEnglish
=650  \0$aMedicine
=856  40$uhttps://www.jove.com/video/50910
=945  \\$aThe Whole World

