=LDR  00927ngm a2200000i 4500
=001  JoVEBiology50803
=008  161201s2016\\\\xx\\\\\g\\\\\\s\\\\\eng\d
=035  \\$a(OCoLC)733445860
=040  \\$aVaAlASP$cVaAlASP
=100  1\$aKalaskar,Vijay K.
=245  12$aMouse Embryonic Development in a Serum-free Whole Embryo Culture System$h[electronic resource]
=260  \\$aCambridge, MA$bMyJoVE Corp$c2016
=300  \\$aonline resource (535 seconds)
=490  0\$aBiology
=500  \\$aTitle from resource description page
=520  \\$aSerum utilized in embryo cultures contains unknown components that can affect the outcome of experiments especially in studies involving signaling interactions. Here we utilized a serum-free oxygenated culture system and show that mid-gestation mouse embryos cultured for 16-40 hr exhibit morphological development comparable to embryos developing in utero.
=521  \\$aFor undergraduate, graduate, and professional students
=546  \\$aEnglish
=650  \0$aBiology
=856  40$uhttps://www.jove.com/video/50803
=945  \\$aThe Whole World

