=LDR  01012ngm a2200000i 4500
=001  JoVEMedicine51248
=008  161201s2016\\\\xx\\\\\g\\\\\\s\\\\\eng\d
=035  \\$a(OCoLC)733445860
=040  \\$aVaAlASP$cVaAlASP
=100  1\$aLowes,Lori E.
=245  12$aAdaptation of Semiautomated Circulating Tumor Cell (CTC) Assays for Clinical and Preclinical Research Applications$h[electronic resource]
=260  \\$aCambridge, MA$bMyJoVE Corp$c2016
=300  \\$aonline resource (854 seconds)
=490  0\$aMedicine
=500  \\$aTitle from resource description page
=520  \\$aCirculating tumor cells (CTCs) are prognostic in several metastatic cancers. This manuscript describes the gold standard CellSearch system (CSS) CTC enumeration platform and highlights common misclassification errors. In addition, two adapted protocols are described for user-defined marker characterization of CTCs and CTC enumeration in preclinical mouse models of metastasis using this technology.
=521  \\$aFor undergraduate, graduate, and professional students
=546  \\$aEnglish
=650  \0$aMedicine
=856  40$uhttps://www.jove.com/video/51248
=945  \\$aThe Whole World

