=LDR  00832ngm a2200000i 4500
=001  JoVEBiology51214
=008  161201s2016\\\\xx\\\\\g\\\\\\s\\\\\eng\d
=035  \\$a(OCoLC)733445860
=040  \\$aVaAlASP$cVaAlASP
=100  1\$aBermejo-Alvarez,Pablo
=245  12$aUtero-tubal Embryo Transfer and Vasectomy in the Mouse Model$h[electronic resource]
=260  \\$aCambridge, MA$bMyJoVE Corp$c2016
=300  \\$aonline resource (573 seconds)
=490  0\$aBiology
=500  \\$aTitle from resource description page
=520  \\$aUtero-tubal embryo transfer uses the utero-tubal junction as a barrier to prevent the embryo outflow that may occur when performing uterine transfer. Vasectomized males are required to obtain pseudopregnant recipients for embryo transfer. Both techniques are discussed.
=521  \\$aFor undergraduate, graduate, and professional students
=546  \\$aEnglish
=650  \0$aBiology
=856  40$uhttps://www.jove.com/video/51214
=945  \\$aThe Whole World

