=LDR  00917ngm a2200000i 4500
=001  JoVEMedicine51297
=008  161201s2016\\\\xx\\\\\g\\\\\\s\\\\\eng\d
=035  \\$a(OCoLC)733445860
=040  \\$aVaAlASP$cVaAlASP
=100  1\$aMorampudi,Vijay
=245  12$aDNBS/TNBS Colitis Models: Providing Insights Into Inflammatory Bowel Disease and Effects of Dietary Fat$h[electronic resource]
=260  \\$aCambridge, MA$bMyJoVE Corp$c2016
=300  \\$aonline resource (544 seconds)
=490  0\$aMedicine
=500  \\$aTitle from resource description page
=520  \\$aDNBS/TNBS induced colitis offers an alternative and inexpensive method to study the pathobiology of inflammatory bowel disease. The protocol discussed in this paper outlines the successful application of DNBS to induce colitis in mice and rats and allows one to thoroughly study host-mediated intestinal responses.
=521  \\$aFor undergraduate, graduate, and professional students
=546  \\$aEnglish
=650  \0$aMedicine
=856  40$uhttps://www.jove.com/video/51297
=945  \\$aThe Whole World

