=LDR  00737ngm a2200000i 4500
=001  JoVEBiology51119
=008  161201s2016\\\\xx\\\\\g\\\\\\s\\\\\eng\d
=035  \\$a(OCoLC)733445860
=040  \\$aVaAlASP$cVaAlASP
=100  1\$aWeber,Michael
=245  12$aMultilayer Mounting for Long-term Light Sheet Microscopy of Zebrafish$h[electronic resource]
=260  \\$aCambridge, MA$bMyJoVE Corp$c2016
=300  \\$aonline resource (448 seconds)
=490  0\$aBiology
=500  \\$aTitle from resource description page
=520  \\$aThe development of zebrafish can be followed over days with light sheet microscopy when embryos are embedded in optically clear polymer tubes with low-concentration agarose.
=521  \\$aFor undergraduate, graduate, and professional students
=546  \\$aEnglish
=650  \0$aBiology
=856  40$uhttps://www.jove.com/video/51119
=945  \\$aThe Whole World

