=LDR  00972ngm a2200000i 4500
=001  JoVEBiology50898
=008  161201s2016\\\\xx\\\\\g\\\\\\s\\\\\eng\d
=035  \\$a(OCoLC)733445860
=040  \\$aVaAlASP$cVaAlASP
=100  1\$aPark,Ki Ho
=245  12$aAssessment of Calcium Sparks in Intact Skeletal Muscle Fibers$h[electronic resource]
=260  \\$aCambridge, MA$bMyJoVE Corp$c2016
=300  \\$aonline resource (682 seconds)
=490  0\$aBiology
=500  \\$aTitle from resource description page
=520  \\$aDescribed here is a method to directly measure calcium sparks, the elementary units of Ca2+ release from sarcoplasmic reticulum in intact skeletal muscle fibers. This method utilizes osmotic-stress-mediated triggering of Ca2+ release from ryanodine receptor in isolated muscle fibers. The dynamics and homeostatic capacity of intracellular Ca2+ signaling can be employed to assess muscle function in health and disease.
=521  \\$aFor undergraduate, graduate, and professional students
=546  \\$aEnglish
=650  \0$aBiology
=856  40$uhttps://www.jove.com/video/50898
=945  \\$aThe Whole World

