=LDR  00841ngm a2200000i 4500
=001  JoVEBiology51095
=008  161201s2016\\\\xx\\\\\g\\\\\\s\\\\\eng\d
=035  \\$a(OCoLC)733445860
=040  \\$aVaAlASP$cVaAlASP
=100  1\$aPiquerez,Sophie J. M.
=245  12$aIdentification of Post-translational Modifications of Plant Protein Complexes$h[electronic resource]
=260  \\$aCambridge, MA$bMyJoVE Corp$c2016
=300  \\$aonline resource (607 seconds)
=490  0\$aBiology
=500  \\$aTitle from resource description page
=520  \\$aWe describe here a protocol for the purification and characterization of plant protein complexes. We demonstrate that by immunoprecipitating a single protein within a complex, so we can identify its post-translational modifications and its interacting partners.
=521  \\$aFor undergraduate, graduate, and professional students
=546  \\$aEnglish
=650  \0$aBiology
=856  40$uhttps://www.jove.com/video/51095
=945  \\$aThe Whole World

