=LDR  00842ngm a2200000i 4500
=001  JoVEMedicine50932
=008  161201s2016\\\\xx\\\\\g\\\\\\s\\\\\eng\d
=035  \\$a(OCoLC)733445860
=040  \\$aVaAlASP$cVaAlASP
=100  1\$aEberle,Dominic
=245  12$aSubretinal Transplantation of MACS Purified Photoreceptor Precursor Cells into the Adult Mouse Retina$h[electronic resource]
=260  \\$aCambridge, MA$bMyJoVE Corp$c2016
=300  \\$aonline resource (508 seconds)
=490  0\$aMedicine
=500  \\$aTitle from resource description page
=520  \\$aCell transplantation represents a strategy for the treatment of retinal degeneration characterized by photoreceptor loss. Here we describe a method for enrichment of transplantable photoreceptors and their subretinal grafting into adult mice.
=521  \\$aFor undergraduate, graduate, and professional students
=546  \\$aEnglish
=650  \0$aMedicine
=856  40$uhttps://www.jove.com/video/50932
=945  \\$aThe Whole World

