=LDR  00903ngm a2200000i 4500
=001  JoVEMedicine51285
=008  161201s2016\\\\xx\\\\\g\\\\\\s\\\\\eng\d
=035  \\$a(OCoLC)733445860
=040  \\$aVaAlASP$cVaAlASP
=100  1\$aKatchy,Anne
=245  12$aProfiling of Estrogen-regulated MicroRNAs in Breast Cancer Cells$h[electronic resource]
=260  \\$aCambridge, MA$bMyJoVE Corp$c2016
=300  \\$aonline resource (985 seconds)
=490  0\$aMedicine
=500  \\$aTitle from resource description page
=520  \\$aMolecular signaling through both estrogen and microRNAs are critical in breast cancer development and growth. Estrogen activates the estrogen receptors, which are transcription factors. Many transcription factors can regulate the expression of microRNAs, and estrogen-regulated microRNAs can be profiled using different large-scale techniques.
=521  \\$aFor undergraduate, graduate, and professional students
=546  \\$aEnglish
=650  \0$aMedicine
=856  40$uhttps://www.jove.com/video/51285
=945  \\$aThe Whole World

