=LDR  00810ngm a2200000i 4500
=001  JoVEMedicine51061
=008  161201s2016\\\\xx\\\\\g\\\\\\s\\\\\eng\d
=035  \\$a(OCoLC)733445860
=040  \\$aVaAlASP$cVaAlASP
=100  1\$aKumar,Sandeep
=245  12$aDetecting Abnormalities in Choroidal Vasculature in a Mouse Model of Age-related Macular Degeneration by Time-course Indocyanine Green Angiography$h[electronic resource]
=260  \\$aCambridge, MA$bMyJoVE Corp$c2016
=300  \\$aonline resource (624 seconds)
=490  0\$aMedicine
=500  \\$aTitle from resource description page
=520  \\$aIndocyanine Green Angiography (or ICGA) performed by tail vein injection provides high quality ICGA time course images to characterize abnormalities in mouse choroid.
=521  \\$aFor undergraduate, graduate, and professional students
=546  \\$aEnglish
=650  \0$aMedicine
=856  40$uhttps://www.jove.com/video/51061
=945  \\$aThe Whole World

