=LDR  00901ngm a2200000i 4500
=001  JoVEBiology50985
=008  161201s2016\\\\xx\\\\\g\\\\\\s\\\\\eng\d
=035  \\$a(OCoLC)733445860
=040  \\$aVaAlASP$cVaAlASP
=100  1\$aFossati,Matteo
=245  12$aVisualization of Endoplasmic Reticulum Subdomains in Cultured Cells$h[electronic resource]
=260  \\$aCambridge, MA$bMyJoVE Corp$c2016
=300  \\$aonline resource (1003 seconds)
=490  0\$aBiology
=500  \\$aTitle from resource description page
=520  \\$aWe describe the imaging approaches we use to investigate the distribution and mobility of the transfected fluorescent proteins resident in the endoplasmic reticulum (ER) by means of the confocal imaging of living cells. We also ultrastructurally analyze the effect of their expression on the architecture of this subcellular compartment.
=521  \\$aFor undergraduate, graduate, and professional students
=546  \\$aEnglish
=650  \0$aBiology
=856  40$uhttps://www.jove.com/video/50985
=945  \\$aThe Whole World

