=LDR  00881ngm a2200000i 4500
=001  JoVEBiology50894
=008  161201s2016\\\\xx\\\\\g\\\\\\s\\\\\eng\d
=035  \\$a(OCoLC)733445860
=040  \\$aVaAlASP$cVaAlASP
=100  1\$aVerchère,Alice
=245  12$aIn vitro Investigation of the MexAB Efflux Pump From Pseudomonas aeruginosa$h[electronic resource]
=260  \\$aCambridge, MA$bMyJoVE Corp$c2016
=300  \\$aonline resource (820 seconds)
=490  0\$aBiology
=500  \\$aTitle from resource description page
=520  \\$aWe present a protocol for the in vitro investigation of efflux pumps from Pseudomonas aeruginosa. This protocol allows for the generation of a robust, reversible, and tunable proton gradient within the liposome membrane and hence should be adaptable to any membrane protein energized by the protomotive force.
=521  \\$aFor undergraduate, graduate, and professional students
=546  \\$aEnglish
=650  \0$aBiology
=856  40$uhttps://www.jove.com/video/50894
=945  \\$aThe Whole World

