=LDR  00905ngm a2200000i 4500
=001  JoVEBiology50685
=008  161201s2016\\\\xx\\\\\g\\\\\\s\\\\\eng\d
=035  \\$a(OCoLC)733445860
=040  \\$aVaAlASP$cVaAlASP
=100  1\$aKushwaha,Rekha
=245  12$aA Protocol for Phage Display and Affinity Selection Using Recombinant Protein Baits$h[electronic resource]
=260  \\$aCambridge, MA$bMyJoVE Corp$c2016
=300  \\$aonline resource (756 seconds)
=490  0\$aBiology
=500  \\$aTitle from resource description page
=520  \\$aPhage display is a powerful technique to capture proteins or protein moieties that interact with an immobilized molecule of interest. Once a decision of the type of phage cDNA library to create and screen has been made, the protocol described here permits efficient affinity selection leading to identification of interactors.
=521  \\$aFor undergraduate, graduate, and professional students
=546  \\$aEnglish
=650  \0$aBiology
=856  40$uhttps://www.jove.com/video/50685
=945  \\$aThe Whole World

