=LDR  00721ngm a2200000i 4500
=001  JoVEBiology51223
=008  161201s2016\\\\xx\\\\\g\\\\\\s\\\\\eng\d
=035  \\$a(OCoLC)733445860
=040  \\$aVaAlASP$cVaAlASP
=100  1\$aBabcock,Daniel T.
=245  12$aAn Improved Method for Accurate and Rapid Measurement of Flight Performance in Drosophila$h[electronic resource]
=260  \\$aCambridge, MA$bMyJoVE Corp$c2016
=300  \\$aonline resource (378 seconds)
=490  0\$aBiology
=500  \\$aTitle from resource description page
=520  \\$aHere we describe a method for rapid and accurate measurement of flight performance in Drosophila, enabling high-throughput screening.
=521  \\$aFor undergraduate, graduate, and professional students
=546  \\$aEnglish
=650  \0$aBiology
=856  40$uhttps://www.jove.com/video/51223
=945  \\$aThe Whole World

