=LDR  00905ngm a2200000i 4500
=001  JoVEBiology51178
=008  161201s2016\\\\xx\\\\\g\\\\\\s\\\\\eng\d
=035  \\$a(OCoLC)733445860
=040  \\$aVaAlASP$cVaAlASP
=100  1\$aPetrus,Marloes L. C.
=245  12$aSorting of Streptomyces Cell Pellets Using a Complex Object Parametric Analyzer and Sorter$h[electronic resource]
=260  \\$aCambridge, MA$bMyJoVE Corp$c2016
=300  \\$aonline resource (457 seconds)
=490  0\$aBiology
=500  \\$aTitle from resource description page
=520  \\$aLiquid-grown Streptomyces cultures are characterized by mycelial pellets that are heterogeneous in size. We here describe a method to analyze and sort such pellets in a high-throughput manner. These pellets can be used for further analyses, which will provide leads to understand and control growth heterogeneity.
=521  \\$aFor undergraduate, graduate, and professional students
=546  \\$aEnglish
=650  \0$aBiology
=856  40$uhttps://www.jove.com/video/51178
=945  \\$aThe Whole World

