=LDR  00917ngm a2200000i 4500
=001  JoVEMedicine51123
=008  161201s2016\\\\xx\\\\\g\\\\\\s\\\\\eng\d
=035  \\$a(OCoLC)733445860
=040  \\$aVaAlASP$cVaAlASP
=100  1\$aJäger,Wolfgang
=245  12$aMinimally Invasive Establishment of Murine Orthotopic Bladder Xenografts$h[electronic resource]
=260  \\$aCambridge, MA$bMyJoVE Corp$c2016
=300  \\$aonline resource (495 seconds)
=490  0\$aMedicine
=500  \\$aTitle from resource description page
=520  \\$aThe established technique to inoculate primary invasive orthotopic bladder cancer xenografts requires laparotomy and mobilization of the bladder. This procedure inflicts significant morbidity on the mice, is technically challenging and time-consuming. We therefore developed a high-precision, percutaneous approach utilizing ultrasound guidance.
=521  \\$aFor undergraduate, graduate, and professional students
=546  \\$aEnglish
=650  \0$aMedicine
=856  40$uhttps://www.jove.com/video/51123
=945  \\$aThe Whole World

