=LDR  00857ngm a2200000i 4500
=001  JoVEMedicine51205
=008  161201s2016\\\\xx\\\\\g\\\\\\s\\\\\eng\d
=035  \\$a(OCoLC)733445860
=040  \\$aVaAlASP$cVaAlASP
=100  1\$aNau,Amy Catherine
=245  12$aA Standardized Obstacle Course for Assessment of Visual Function in Ultra Low Vision and Artificial Vision$h[electronic resource]
=260  \\$aCambridge, MA$bMyJoVE Corp$c2016
=300  \\$aonline resource (569 seconds)
=490  0\$aMedicine
=500  \\$aTitle from resource description page
=520  \\$aWe describe an indoor, portable, standardized course that can be used to evaluate obstacle avoidance in persons who have ultralow vision. The course is relatively inexpensive, simple to administer, and has been shown to be reliable and reproducible.
=521  \\$aFor undergraduate, graduate, and professional students
=546  \\$aEnglish
=650  \0$aMedicine
=856  40$uhttps://www.jove.com/video/51205
=945  \\$aThe Whole World

