=LDR  00955ngm a2200000i 4500
=001  JoVEBiology50488
=008  161201s2016\\\\xx\\\\\g\\\\\\s\\\\\eng\d
=035  \\$a(OCoLC)733445860
=040  \\$aVaAlASP$cVaAlASP
=100  1\$aGiuliano,Camila B.
=245  12$aDigital Inline Holographic Microscopy (DIHM) of Weakly-scattering Subjects$h[electronic resource]
=260  \\$aCambridge, MA$bMyJoVE Corp$c2016
=300  \\$aonline resource (616 seconds)
=490  0\$aBiology
=500  \\$aTitle from resource description page
=520  \\$aThe three-dimensional locations of weakly-scattering objects can be uniquely identified using digital inline holographic microscopy (DIHM), which involves a minor modification to a standard microscope.  Our software uses a simple imaging heuristic coupled with Rayleigh-Sommerfeld back-propagation to yield the three-dimensional position and geometry of a microscopic phase object.
=521  \\$aFor undergraduate, graduate, and professional students
=546  \\$aEnglish
=650  \0$aBiology
=856  40$uhttps://www.jove.com/video/50488
=945  \\$aThe Whole World

