=LDR  00987ngm a2200000i 4500
=001  JoVEMedicine50817
=008  161201s2016\\\\xx\\\\\g\\\\\\s\\\\\eng\d
=035  \\$a(OCoLC)733445860
=040  \\$aVaAlASP$cVaAlASP
=100  1\$aDavid,Melissa
=245  12$aPulse Wave Velocity Testing in the Baltimore Longitudinal Study of Aging$h[electronic resource]
=260  \\$aCambridge, MA$bMyJoVE Corp$c2016
=300  \\$aonline resource (368 seconds)
=490  0\$aMedicine
=500  \\$aTitle from resource description page
=520  \\$aPulse wave velocity (PWV) measurement assesses arterial stiffness by a tonometry-based system that measures the speed with which arterial pressure wave travels along the arterial tree, typically approximating the time that it takes this wave to travel from the descending aorta (using the carotid artery as a surrogate) to the femoral artery. Carotid-femoral PWV increases two- to threefold across the adult lifespan.
=521  \\$aFor undergraduate, graduate, and professional students
=546  \\$aEnglish
=650  \0$aMedicine
=856  40$uhttps://www.jove.com/video/50817
=945  \\$aThe Whole World

