=LDR  00950ngm a2200000i 4500
=001  JoVEBiology51149
=008  161201s2016\\\\xx\\\\\g\\\\\\s\\\\\eng\d
=035  \\$a(OCoLC)733445860
=040  \\$aVaAlASP$cVaAlASP
=100  1\$aSilva,Jillian M.
=245  12$aThe Fastest Western in Town: A Contemporary Twist on the Classic Western Blot Analysis$h[electronic resource]
=260  \\$aCambridge, MA$bMyJoVE Corp$c2016
=300  \\$aonline resource (703 seconds)
=490  0\$aBiology
=500  \\$aTitle from resource description page
=520  \\$aThis protocol explores the latest advancements in performing Western blot analyses. These novel modifications employ a Bis-Tris gel system with a 35 min electrophoresis run time, a 7 min dry blotting transfer system, and infrared fluorescent protein detection and imaging that generates higher resolution, quality, sensitivity, and improved accuracy of Western data.
=521  \\$aFor undergraduate, graduate, and professional students
=546  \\$aEnglish
=650  \0$aBiology
=856  40$uhttps://www.jove.com/video/51149
=945  \\$aThe Whole World

