=LDR  00704ngm a2200000i 4500
=001  JoVEBiology51138
=008  161201s2016\\\\xx\\\\\g\\\\\\s\\\\\eng\d
=035  \\$a(OCoLC)733445860
=040  \\$aVaAlASP$cVaAlASP
=100  1\$aXing,Lingyan
=245  12$aRapid and Efficient Zebrafish Genotyping Using PCR with High-resolution Melt Analysis$h[electronic resource]
=260  \\$aCambridge, MA$bMyJoVE Corp$c2016
=300  \\$aonline resource (390 seconds)
=490  0\$aBiology
=500  \\$aTitle from resource description page
=520  \\$aPCR combined with high-resolution melt analysis (HRMA) is demonstrated as a rapid and efficient method to genotype zebrafish.
=521  \\$aFor undergraduate, graduate, and professional students
=546  \\$aEnglish
=650  \0$aBiology
=856  40$uhttps://www.jove.com/video/51138
=945  \\$aThe Whole World

