=LDR  00753ngm a2200000i 4500
=001  JoVEBiology50975
=008  161201s2016\\\\xx\\\\\g\\\\\\s\\\\\eng\d
=035  \\$a(OCoLC)733445860
=040  \\$aVaAlASP$cVaAlASP
=100  1\$aO'Halloran,Damien
=245  12$aA Practical Guide to Phylogenetics for Nonexperts$h[electronic resource]
=260  \\$aCambridge, MA$bMyJoVE Corp$c2016
=300  \\$aonline resource (720 seconds)
=490  0\$aBiology
=500  \\$aTitle from resource description page
=520  \\$aHere we describe a step-by-step pipeline for generating reliable phylogenies from nucleotide or amino acid sequence datasets. This guide aims to serve researchers or students new to phylogenetic analysis. 
=521  \\$aFor undergraduate, graduate, and professional students
=546  \\$aEnglish
=650  \0$aBiology
=856  40$uhttps://www.jove.com/video/50975
=945  \\$aThe Whole World

