=LDR  00892ngm a2200000i 4500
=001  JoVEMedicine51581
=008  161201s2016\\\\xx\\\\\g\\\\\\s\\\\\eng\d
=035  \\$a(OCoLC)733445860
=040  \\$aVaAlASP$cVaAlASP
=100  1\$aPribyl,Lee J.
=245  12$aMethod for Obtaining Primary Ovarian Cancer Cells From Solid Specimens$h[electronic resource]
=260  \\$aCambridge, MA$bMyJoVE Corp$c2016
=300  \\$aonline resource (358 seconds)
=490  0\$aMedicine
=500  \\$aTitle from resource description page
=520  \\$aThis study describes a detailed method for isolation and characterization of primary ovarian cancer cells from solid clinical specimens. Ovarian cancer clinical specimens are subjected to enzymatic digestion to obtain viable, fibroblast-free epithelial ovarian cancer (EOC) cells highly suitable for downstream applications.
=521  \\$aFor undergraduate, graduate, and professional students
=546  \\$aEnglish
=650  \0$aMedicine
=856  40$uhttps://www.jove.com/video/51581
=945  \\$aThe Whole World

