=LDR  00932ngm a2200000i 4500
=001  JoVEMedicine51291
=008  161201s2016\\\\xx\\\\\g\\\\\\s\\\\\eng\d
=035  \\$a(OCoLC)733445860
=040  \\$aVaAlASP$cVaAlASP
=100  1\$aSkelding,Kathryn A.
=245  12$aExcitotoxic Stimulation of Brain Microslices as an In vitro Model of Stroke$h[electronic resource]
=260  \\$aCambridge, MA$bMyJoVE Corp$c2016
=300  \\$aonline resource (420 seconds)
=490  0\$aMedicine
=500  \\$aTitle from resource description page
=520  \\$aWe have developed a brain slice model which can be used to examine molecular mechanisms involved in excitotoxicity-mediated brain injury. This technique generates viable mature brain tissue and reduces animal numbers required for experimentation, whilst keeping the neuronal circuitry, cellular interactions, and postsynaptic compartments partly intact.
=521  \\$aFor undergraduate, graduate, and professional students
=546  \\$aEnglish
=650  \0$aMedicine
=856  40$uhttps://www.jove.com/video/51291
=945  \\$aThe Whole World

