=LDR  00996ngm a2200000i 4500
=001  JoVEMedicine51041
=008  161201s2016\\\\xx\\\\\g\\\\\\s\\\\\eng\d
=035  \\$a(OCoLC)733445860
=040  \\$aVaAlASP$cVaAlASP
=100  1\$aCheng,Hui-Wen
=245  12$aAssessment of Right Ventricular Structure and Function in Mouse Model of Pulmonary Artery Constriction by Transthoracic Echocardiography$h[electronic resource]
=260  \\$aCambridge, MA$bMyJoVE Corp$c2016
=300  \\$aonline resource (633 seconds)
=490  0\$aMedicine
=500  \\$aTitle from resource description page
=520  \\$aRight ventricle (RV) dysfunction is critical to the pathogenesis of cardiovascular disease, yet limited methodologies are available for its evaluation. Recent advances in ultrasound imaging provide a noninvasive and accurate option for longitudinal RV study. Herein, we detail a step-by-step echocardiographic method using a murine model of RV pressure overload.
=521  \\$aFor undergraduate, graduate, and professional students
=546  \\$aEnglish
=650  \0$aMedicine
=856  40$uhttps://www.jove.com/video/51041
=945  \\$aThe Whole World

