=LDR  00874ngm a2200000i 4500
=001  JoVEBiology50967
=008  161201s2016\\\\xx\\\\\g\\\\\\s\\\\\eng\d
=035  \\$a(OCoLC)733445860
=040  \\$aVaAlASP$cVaAlASP
=100  1\$aLi,Baoguang
=245  12$aDetection of Live Escherichia coli O157:H7 Cells by PMA-qPCR$h[electronic resource]
=260  \\$aCambridge, MA$bMyJoVE Corp$c2016
=300  \\$aonline resource (496 seconds)
=490  0\$aBiology
=500  \\$aTitle from resource description page
=520  \\$aA qPCR assay was developed for detection of Escherichia coli O157:H7 targeting a unique genetic marker, Z3276. The qPCR was combined with propidium monoazide (PMA) treatment for live cell detection. This protocol has been modified and adapted to a 96-well plate format for easy and consistent handling of numerous samples
=521  \\$aFor undergraduate, graduate, and professional students
=546  \\$aEnglish
=650  \0$aBiology
=856  40$uhttps://www.jove.com/video/50967
=945  \\$aThe Whole World

