=LDR  00819ngm a2200000i 4500
=001  JoVEBiology51190
=008  161201s2016\\\\xx\\\\\g\\\\\\s\\\\\eng\d
=035  \\$a(OCoLC)733445860
=040  \\$aVaAlASP$cVaAlASP
=100  1\$aMcGurk,Patrick D.
=245  12$aAnalyzing Craniofacial Morphogenesis in Zebrafish Using 4D Confocal Microscopy$h[electronic resource]
=260  \\$aCambridge, MA$bMyJoVE Corp$c2016
=300  \\$aonline resource (556 seconds)
=490  0\$aBiology
=500  \\$aTitle from resource description page
=520  \\$aTime-lapse confocal imaging is a powerful technique useful for characterizing embryonic development. Here, we describe the methodology and characterize craniofacial morphogenesis in wild-type, as well as pdgfra, smad5, and smo mutant embryos.
=521  \\$aFor undergraduate, graduate, and professional students
=546  \\$aEnglish
=650  \0$aBiology
=856  40$uhttps://www.jove.com/video/51190
=945  \\$aThe Whole World

