=LDR  00919ngm a2200000i 4500
=001  JoVEMedicine50973
=008  161201s2016\\\\xx\\\\\g\\\\\\s\\\\\eng\d
=035  \\$a(OCoLC)733445860
=040  \\$aVaAlASP$cVaAlASP
=100  1\$aOstler,Michael W.
=245  12$aDried Blood Spot Collection of Health Biomarkers to Maximize Participation in Population Studies$h[electronic resource]
=260  \\$aCambridge, MA$bMyJoVE Corp$c2016
=300  \\$aonline resource (440 seconds)
=490  0\$aMedicine
=500  \\$aTitle from resource description page
=520  \\$aBiomarkers are directly-measured biological indicators of disease or health. In population and social sciences, biomarkers need to be easy to obtain, transport, and analyze. Dried Blood Spot (DBS) collection meets this need, can be collected in the field with high response rates and analyzed for a variety of biomarkers.
=521  \\$aFor undergraduate, graduate, and professional students
=546  \\$aEnglish
=650  \0$aMedicine
=856  40$uhttps://www.jove.com/video/50973
=945  \\$aThe Whole World

