=LDR  00902ngm a2200000i 4500
=001  JoVEBiology50203
=008  161201s2016\\\\xx\\\\\g\\\\\\s\\\\\eng\d
=035  \\$a(OCoLC)733445860
=040  \\$aVaAlASP$cVaAlASP
=100  1\$aHowe,Bradley
=245  12$aChromosome Preparation From Cultured Cells$h[electronic resource]
=260  \\$aCambridge, MA$bMyJoVE Corp$c2016
=300  \\$aonline resource (462 seconds)
=490  0\$aBiology
=500  \\$aTitle from resource description page
=520  \\$aChromosomes can be isolated from live cells such as lymphocytes or skin fibroblasts, and from organisms including humans or mice. These chromosome preparations can be further utilized for routine G-banding and molecular cytogenetic procedures such as fluorescence in situ hybridization (FISH), comparative genomic hybridization (CGH), and spectral karyotyping (SKY).
=521  \\$aFor undergraduate, graduate, and professional students
=546  \\$aEnglish
=650  \0$aBiology
=856  40$uhttps://www.jove.com/video/50203
=945  \\$aThe Whole World

