=LDR  00904ngm a2200000i 4500
=001  JoVEBiology50878
=008  161201s2016\\\\xx\\\\\g\\\\\\s\\\\\eng\d
=035  \\$a(OCoLC)733445860
=040  \\$aVaAlASP$cVaAlASP
=100  1\$aSmith,Halie C
=245  12$aUsing Flatbed Scanners to Collect High-resolution Time-lapsed Images of the Arabidopsis Root Gravitropic Response$h[electronic resource]
=260  \\$aCambridge, MA$bMyJoVE Corp$c2016
=300  \\$aonline resource (505 seconds)
=490  0\$aBiology
=500  \\$aTitle from resource description page
=520  \\$aThis protocol describes a process for rapid collection of images of Arabidopsis seedlings responding to a gravity stimulus using commercially-available flatbed scanners.  The method allows for inexpensive, high-volume capture of high-resolution images amenable for downstream analysis algorithms.
=521  \\$aFor undergraduate, graduate, and professional students
=546  \\$aEnglish
=650  \0$aBiology
=856  40$uhttps://www.jove.com/video/50878
=945  \\$aThe Whole World

