=LDR  00975ngm a2200000i 4500
=001  JoVEMedicine51064
=008  161201s2016\\\\xx\\\\\g\\\\\\s\\\\\eng\d
=035  \\$a(OCoLC)733445860
=040  \\$aVaAlASP$cVaAlASP
=100  1\$aPoggioli,Tommaso
=245  12$aIntramyocardial Cell Delivery: Observations in Murine Hearts$h[electronic resource]
=260  \\$aCambridge, MA$bMyJoVE Corp$c2016
=300  \\$aonline resource (492 seconds)
=490  0\$aMedicine
=500  \\$aTitle from resource description page
=520  \\$aIntramyocardial cell delivery in murine models of cardiovascular diseases, such as hypertension or myocardial infarction, is widely used to test the therapeutic potential of different cell types in regenerative studies. Therefore, a detailed description and a clear visualization of this surgical procedure will help to define the limits and advantages of cardiovascular cell therapeutic analyses in small rodents.
=521  \\$aFor undergraduate, graduate, and professional students
=546  \\$aEnglish
=650  \0$aMedicine
=856  40$uhttps://www.jove.com/video/51064
=945  \\$aThe Whole World

