=LDR  00854ngm a2200000i 4500
=001  JoVEBiology50882
=008  161201s2016\\\\xx\\\\\g\\\\\\s\\\\\eng\d
=035  \\$a(OCoLC)733445860
=040  \\$aVaAlASP$cVaAlASP
=100  1\$aMeyer,Jerrold
=245  12$aExtraction and Analysis of Cortisol from Human and Monkey Hair$h[electronic resource]
=260  \\$aCambridge, MA$bMyJoVE Corp$c2016
=300  \\$aonline resource (518 seconds)
=490  0\$aBiology
=500  \\$aTitle from resource description page
=520  \\$aCortisol (CORT) accumulates in the growing hair shaft of humans and nonhuman primates. We describe methods for extracting and analyzing hair CORT with high precision and sensitivity. Measurement of hair CORT is particularly well-suited for assessing chronic stress over periods of weeks to months.
=521  \\$aFor undergraduate, graduate, and professional students
=546  \\$aEnglish
=650  \0$aBiology
=856  40$uhttps://www.jove.com/video/50882
=945  \\$aThe Whole World

