=LDR  00859ngm a2200000i 4500
=001  JoVEBiology51239
=008  161201s2016\\\\xx\\\\\g\\\\\\s\\\\\eng\d
=035  \\$a(OCoLC)733445860
=040  \\$aVaAlASP$cVaAlASP
=100  1\$aKeroles,Mark B
=245  12$aImaging Through the Pupal Case of Drosophila melanogaster$h[electronic resource]
=260  \\$aCambridge, MA$bMyJoVE Corp$c2016
=300  \\$aonline resource (410 seconds)
=490  0\$aBiology
=500  \\$aTitle from resource description page
=520  \\$aThis paper demonstrates the use of a fast scanning confocal microscope to image cell behavior directly through the puparium. By leaving the pupal case intact, this method allows observation and measurement of dynamic cell processes at a stage of Drosophila development that is difficult to study directly. 
=521  \\$aFor undergraduate, graduate, and professional students
=546  \\$aEnglish
=650  \0$aBiology
=856  40$uhttps://www.jove.com/video/51239
=945  \\$aThe Whole World

