=LDR  00820ngm a2200000i 4500
=001  JoVEMedicine51172
=008  161201s2016\\\\xx\\\\\g\\\\\\s\\\\\eng\d
=035  \\$a(OCoLC)733445860
=040  \\$aVaAlASP$cVaAlASP
=100  1\$aPacifici,Marco
=245  12$aCerebrospinal Fluid MicroRNA Profiling Using Quantitative Real Time PCR$h[electronic resource]
=260  \\$aCambridge, MA$bMyJoVE Corp$c2016
=300  \\$aonline resource (566 seconds)
=490  0\$aMedicine
=500  \\$aTitle from resource description page
=520  \\$aWe describe a protocol of real time PCR to profile microRNAs in the cerebrospinal fluid (CSF). With the exception of RNA extraction protocols, the procedure can be extended to RNA extracted from other body fluids, cultured cells, or tissue specimens.
=521  \\$aFor undergraduate, graduate, and professional students
=546  \\$aEnglish
=650  \0$aMedicine
=856  40$uhttps://www.jove.com/video/51172
=945  \\$aThe Whole World

