=LDR  00739ngm a2200000i 4500
=001  JoVEBiology50841
=008  161201s2016\\\\xx\\\\\g\\\\\\s\\\\\eng\d
=035  \\$a(OCoLC)733445860
=040  \\$aVaAlASP$cVaAlASP
=100  1\$aStepicheva,Nadezda A.
=245  12$aHigh Throughput Microinjections of Sea Urchin Zygotes$h[electronic resource]
=260  \\$aCambridge, MA$bMyJoVE Corp$c2016
=300  \\$aonline resource (760 seconds)
=490  0\$aBiology
=500  \\$aTitle from resource description page
=520  \\$aMicroinjection is a common technique used to deliver DNA constructs, mRNAs, morpholino antisense oligonucleotides or other treatments into eggs, embryos, and cells of various species.
=521  \\$aFor undergraduate, graduate, and professional students
=546  \\$aEnglish
=650  \0$aBiology
=856  40$uhttps://www.jove.com/video/50841
=945  \\$aThe Whole World

