=LDR  00746ngm a2200000i 4500
=001  JoVEBiology51058
=008  161201s2016\\\\xx\\\\\g\\\\\\s\\\\\eng\d
=035  \\$a(OCoLC)733445860
=040  \\$aVaAlASP$cVaAlASP
=100  1\$aSitaram,Poojitha
=245  12$aCytological Analysis of Spermatogenesis: Live and Fixed Preparations of Drosophila Testes$h[electronic resource]
=260  \\$aCambridge, MA$bMyJoVE Corp$c2016
=300  \\$aonline resource (630 seconds)
=490  0\$aBiology
=500  \\$aTitle from resource description page
=520  \\$aMethods for isolating and preparing Drosophila testes samples (live and fixed) for imaging by phase-contrast and fluorescence microscopy are described herein. 
=521  \\$aFor undergraduate, graduate, and professional students
=546  \\$aEnglish
=650  \0$aBiology
=856  40$uhttps://www.jove.com/video/51058
=945  \\$aThe Whole World

