=LDR  00849ngm a2200000i 4500
=001  JoVEBiology50645
=008  161201s2016\\\\xx\\\\\g\\\\\\s\\\\\eng\d
=035  \\$a(OCoLC)733445860
=040  \\$aVaAlASP$cVaAlASP
=100  1\$aPosimo,Jessica M.
=245  12$aViability Assays for Cells in Culture$h[electronic resource]
=260  \\$aCambridge, MA$bMyJoVE Corp$c2016
=300  \\$aonline resource (723 seconds)
=490  0\$aBiology
=500  \\$aTitle from resource description page
=520  \\$aTherapeutic compounds are often first examined in vitro with viability assays. Blind cell counts by a human observer can be highly sensitive to small changes in cell number but do not assess function. Computerized viability assays, as described here, can assess both structure and function in an objective manner.
=521  \\$aFor undergraduate, graduate, and professional students
=546  \\$aEnglish
=650  \0$aBiology
=856  40$uhttps://www.jove.com/video/50645
=945  \\$aThe Whole World

