=LDR  00703ngm a2200000i 4500
=001  JoVEMedicine51101
=008  161201s2016\\\\xx\\\\\g\\\\\\s\\\\\eng\d
=035  \\$a(OCoLC)733445860
=040  \\$aVaAlASP$cVaAlASP
=100  1\$aKonold,Timm
=245  12$aClinical Examination Protocol to Detect Atypical and Classical Scrapie in Sheep$h[electronic resource]
=260  \\$aCambridge, MA$bMyJoVE Corp$c2016
=300  \\$aonline resource (822 seconds)
=490  0\$aMedicine
=500  \\$aTitle from resource description page
=520  \\$aA short clinical examination protocol is presented to aid in the detection of classical and atypical scrapie in sheep and goats.
=521  \\$aFor undergraduate, graduate, and professional students
=546  \\$aEnglish
=650  \0$aMedicine
=856  40$uhttps://www.jove.com/video/51101
=945  \\$aThe Whole World

