=LDR  00976ngm a2200000i 4500
=001  JoVEBiology51196
=008  161201s2016\\\\xx\\\\\g\\\\\\s\\\\\eng\d
=035  \\$a(OCoLC)733445860
=040  \\$aVaAlASP$cVaAlASP
=100  1\$aStannek,Lorena
=245  12$aMonitoring Intraspecies Competition in a Bacterial Cell Population by Cocultivation of Fluorescently Labelled Strains$h[electronic resource]
=260  \\$aCambridge, MA$bMyJoVE Corp$c2016
=300  \\$aonline resource (405 seconds)
=490  0\$aBiology
=500  \\$aTitle from resource description page
=520  \\$aBacteria may accumulate either detrimental or beneficial mutations during their lifetime. In a population of cells individuals that have accumulated beneficial mutations may rapidly outcompete their fellows. Here we present a simple procedure to visualize intraspecies competition in a bacterial cell population over time using fluorescently labeled individuals. 
=521  \\$aFor undergraduate, graduate, and professional students
=546  \\$aEnglish
=650  \0$aBiology
=856  40$uhttps://www.jove.com/video/51196
=945  \\$aThe Whole World

