=LDR  00973ngm a2200000i 4500
=001  JoVEMedicine50970
=008  161201s2016\\\\xx\\\\\g\\\\\\s\\\\\eng\d
=035  \\$a(OCoLC)733445860
=040  \\$aVaAlASP$cVaAlASP
=100  1\$aPaddenberg,Renate
=245  12$aVideomorphometric Analysis of Hypoxic Pulmonary Vasoconstriction of Intra-pulmonary Arteries Using Murine Precision Cut Lung Slices$h[electronic resource]
=260  \\$aCambridge, MA$bMyJoVE Corp$c2016
=300  \\$aonline resource (812 seconds)
=490  0\$aMedicine
=500  \\$aTitle from resource description page
=520  \\$aHypoxic pulmonary vasoconstriction (HPV) is an important physiological phenomenon by which at alveolar hypoxia lung perfusion is matched to ventilation. The major vascular segment contributing to HPV is the intra-acinar artery. Here, we describe our protocol for the analysis of HPV of murine pulmonary vessels with diameters of 20-100 μm.
=521  \\$aFor undergraduate, graduate, and professional students
=546  \\$aEnglish
=650  \0$aMedicine
=856  40$uhttps://www.jove.com/video/50970
=945  \\$aThe Whole World

