=LDR  00855ngm a2200000i 4500
=001  JoVEMedicine50850
=008  161201s2016\\\\xx\\\\\g\\\\\\s\\\\\eng\d
=035  \\$a(OCoLC)733445860
=040  \\$aVaAlASP$cVaAlASP
=100  1\$aHiremath,Pranoti
=245  12$aUltrasonic Assessment of Myocardial Microstructure$h[electronic resource]
=260  \\$aCambridge, MA$bMyJoVE Corp$c2016
=300  \\$aonline resource (653 seconds)
=490  0\$aMedicine
=500  \\$aTitle from resource description page
=520  \\$aEchocardiography is commonly used to noninvasively characterize and quantify changes in cardiac structure and function. We describe an ultrasound-based imaging algorithm that offers an enhanced surrogate measure of myocardial microstructure and can be performed using open-access image analysis software.
=521  \\$aFor undergraduate, graduate, and professional students
=546  \\$aEnglish
=650  \0$aMedicine
=856  40$uhttps://www.jove.com/video/50850
=945  \\$aThe Whole World

