=LDR  00922ngm a2200000i 4500
=001  JoVEBiology51097
=008  161201s2016\\\\xx\\\\\g\\\\\\s\\\\\eng\d
=035  \\$a(OCoLC)733445860
=040  \\$aVaAlASP$cVaAlASP
=100  1\$aGoda,Tadahiro
=245  12$aDesign and Analysis of Temperature Preference Behavior and its Circadian Rhythm in Drosophila$h[electronic resource]
=260  \\$aCambridge, MA$bMyJoVE Corp$c2016
=300  \\$aonline resource (549 seconds)
=490  0\$aBiology
=500  \\$aTitle from resource description page
=520  \\$aWe recently identified a novel Drosophila circadian output, temperature preference rhythm (TPR), in which the preferred temperature in flies rises during the day and falls during the night. TPR is regulated independently from another circadian output, locomotor activity. Here we describe the design and analysis of TPR in Drosophila.
=521  \\$aFor undergraduate, graduate, and professional students
=546  \\$aEnglish
=650  \0$aBiology
=856  40$uhttps://www.jove.com/video/51097
=945  \\$aThe Whole World

