=LDR  00961ngm a2200000i 4500
=001  JoVEBiology50819
=008  161201s2016\\\\xx\\\\\g\\\\\\s\\\\\eng\d
=035  \\$a(OCoLC)733445860
=040  \\$aVaAlASP$cVaAlASP
=100  1\$aNamekawa,Satoshi H.
=245  12$aSlide Preparation Method to Preserve Three-dimensional Chromatin Architecture of Testicular Germ Cells$h[electronic resource]
=260  \\$aCambridge, MA$bMyJoVE Corp$c2016
=300  \\$aonline resource (454 seconds)
=490  0\$aBiology
=500  \\$aTitle from resource description page
=520  \\$aThe material here describes a method developed to preserve the three-dimensional chromatin structure of testicular germ cells. This has been termed the three-dimensional (3D) slide method. This method improves sensitivity for detection of subnuclear structures and is applicable for immunofluorescence, DNA, and RNA fluorescence in situ hybridization (FISH).
=521  \\$aFor undergraduate, graduate, and professional students
=546  \\$aEnglish
=650  \0$aBiology
=856  40$uhttps://www.jove.com/video/50819
=945  \\$aThe Whole World

