=LDR  01009ngm a2200000i 4500
=001  JoVEMedicine51088
=008  161201s2016\\\\xx\\\\\g\\\\\\s\\\\\eng\d
=035  \\$a(OCoLC)733445860
=040  \\$aVaAlASP$cVaAlASP
=100  1\$aHasselbach,Laura A.
=245  12$aOptimization of High Grade Glioma Cell Culture from Surgical Specimens for Use in  Clinically Relevant Animal Models and 3D Immunochemistry$h[electronic resource]
=260  \\$aCambridge, MA$bMyJoVE Corp$c2016
=300  \\$aonline resource (745 seconds)
=490  0\$aMedicine
=500  \\$aTitle from resource description page
=520  \\$aProtocol for propagation of dissociated high grade glioma surgical specimens in serum-free neurosphere medium to select for cells with cancer stem cell phenotype. For specimens that fail to grow as neurospheres, an alternative protocol is suggested. A paraffin embedding technique for maintaining the 3D neurosphere architecture for immunocytochemistry is described.
=521  \\$aFor undergraduate, graduate, and professional students
=546  \\$aEnglish
=650  \0$aMedicine
=856  40$uhttps://www.jove.com/video/51088
=945  \\$aThe Whole World

