=LDR  01035ngm a2200000i 4500
=001  JoVEMedicine50960
=008  161201s2016\\\\xx\\\\\g\\\\\\s\\\\\eng\d
=035  \\$a(OCoLC)733445860
=040  \\$aVaAlASP$cVaAlASP
=100  1\$aChou,Vivian P.
=245  12$aGene-environment Interaction Models to Unmask Susceptibility Mechanisms in Parkinson's Disease$h[electronic resource]
=260  \\$aCambridge, MA$bMyJoVE Corp$c2016
=300  \\$aonline resource (489 seconds)
=490  0\$aMedicine
=500  \\$aTitle from resource description page
=520  \\$aLipoxygenase (LOX) isozymes can generate products that may increase or decrease neuroinflammation and neurodegeneration. A gene-environment interaction study could identify LOX isozyme-specific effects. Using the 1-methyl-4-phenyl-1,2,3,6-tetrahydropyridine (MPTP) model of nigrostriatal damage in two LOX isozyme-deficient transgenic lines allows for comparison of the contribution of LOX isozymes on dopaminergic integrity and inflammation.
=521  \\$aFor undergraduate, graduate, and professional students
=546  \\$aEnglish
=650  \0$aMedicine
=856  40$uhttps://www.jove.com/video/50960
=945  \\$aThe Whole World

