=LDR  00931ngm a2200000i 4500
=001  JoVEMedicine50855
=008  161201s2016\\\\xx\\\\\g\\\\\\s\\\\\eng\d
=035  \\$a(OCoLC)733445860
=040  \\$aVaAlASP$cVaAlASP
=100  1\$aWalton,Kelly D.
=245  12$aTransabdominal Ultrasound for Pregnancy Diagnosis in Reeves' Muntjac Deer$h[electronic resource]
=260  \\$aCambridge, MA$bMyJoVE Corp$c2016
=300  \\$aonline resource (566 seconds)
=490  0\$aMedicine
=500  \\$aTitle from resource description page
=520  \\$aTransabdominal ultrasound is described as an effective, noninvasive means for assessing reproductive status in Reeves' muntjac deer. These methods can be used to achieve early pregnancy diagnosis and to evaluate fetal viability. Future applications of this technique include estimation of gestational age and effects of maternal disease on fetal development.
=521  \\$aFor undergraduate, graduate, and professional students
=546  \\$aEnglish
=650  \0$aMedicine
=856  40$uhttps://www.jove.com/video/50855
=945  \\$aThe Whole World

