=LDR  00924ngm a2200000i 4500
=001  JoVEBiology51366
=008  161201s2016\\\\xx\\\\\g\\\\\\s\\\\\eng\d
=035  \\$a(OCoLC)733445860
=040  \\$aVaAlASP$cVaAlASP
=100  1\$aHodges,Jeffery A
=245  12$aSample Preparation for Single Virion Atomic Force Microscopy and Super-resolution Fluorescence Imaging$h[electronic resource]
=260  \\$aCambridge, MA$bMyJoVE Corp$c2016
=300  \\$aonline resource (331 seconds)
=490  0\$aBiology
=500  \\$aTitle from resource description page
=520  \\$aThe attachment of virions to a surface is a requirement for single virion imaging by Super-resolution fluorescence imaging or atomic force microscopy (AFM). Here we demonstrate a sample preparation method for controlled adhesion of virions to glass surfaces suitable for use in AFM and super-resolution fluorescence imaging.
=521  \\$aFor undergraduate, graduate, and professional students
=546  \\$aEnglish
=650  \0$aBiology
=856  40$uhttps://www.jove.com/video/51366
=945  \\$aThe Whole World

