=LDR  00955ngm a2200000i 4500
=001  JoVEBiology50816
=008  161201s2016\\\\xx\\\\\g\\\\\\s\\\\\eng\d
=035  \\$a(OCoLC)733445860
=040  \\$aVaAlASP$cVaAlASP
=100  1\$aTeng,Jinfeng
=245  12$aYeast Luminometric and Xenopus Oocyte Electrophysiological Examinations of the Molecular Mechanosensitivity of TRPV4$h[electronic resource]
=260  \\$aCambridge, MA$bMyJoVE Corp$c2016
=300  \\$aonline resource (729 seconds)
=490  0\$aBiology
=500  \\$aTitle from resource description page
=520  \\$aTo complement commonly used methods to study TRPV4's, two methods are described:  Its mechanosensitivity can be studied by Ca2+-aequorin luminometry in transgenic yeast upon hypo-osmotic challenge.  It can also be examined in TRPV4-RNA injected Xenopus oocytes by whole-cell two-electrode voltage clamp or patch clamp in on-cell or excised mode.
=521  \\$aFor undergraduate, graduate, and professional students
=546  \\$aEnglish
=650  \0$aBiology
=856  40$uhttps://www.jove.com/video/50816
=945  \\$aThe Whole World

