=LDR  00928ngm a2200000i 4500
=001  JoVEBiology50948
=008  161201s2016\\\\xx\\\\\g\\\\\\s\\\\\eng\d
=035  \\$a(OCoLC)733445860
=040  \\$aVaAlASP$cVaAlASP
=100  1\$aPosch,Anton
=245  12$aV3 Stain-free Workflow for a Practical, Convenient, and Reliable Total Protein Loading Control in Western Blotting$h[electronic resource]
=260  \\$aCambridge, MA$bMyJoVE Corp$c2016
=300  \\$aonline resource (693 seconds)
=490  0\$aBiology
=500  \\$aTitle from resource description page
=520  \\$aV3 workflow is a western blot procedure using stain-free gels. The stain-free technology allows researchers to visualize protein separation quality, to verify the transfer efficiency, and most importantly, to validate the change in the protein of interest using total protein quantification as a reliable loading control.
=521  \\$aFor undergraduate, graduate, and professional students
=546  \\$aEnglish
=650  \0$aBiology
=856  40$uhttps://www.jove.com/video/50948
=945  \\$aThe Whole World

