=LDR  00722ngm a2200000i 4500
=001  JoVEMedicine51110
=008  161201s2016\\\\xx\\\\\g\\\\\\s\\\\\eng\d
=035  \\$a(OCoLC)733445860
=040  \\$aVaAlASP$cVaAlASP
=100  1\$aHarris,Norman R.
=245  12$aIntravital Video Microscopy Measurements of Retinal Blood Flow in Mice$h[electronic resource]
=260  \\$aCambridge, MA$bMyJoVE Corp$c2016
=300  \\$aonline resource (616 seconds)
=490  0\$aMedicine
=500  \\$aTitle from resource description page
=520  \\$aIntravital microscopy can be used in animals to visualize and measure retinal vascular diameters, bloodstream velocities, and total retinal blood flow.
=521  \\$aFor undergraduate, graduate, and professional students
=546  \\$aEnglish
=650  \0$aMedicine
=856  40$uhttps://www.jove.com/video/51110
=945  \\$aThe Whole World

