=LDR  00981ngm a2200000i 4500
=001  JoVEBiology50722
=008  161201s2016\\\\xx\\\\\g\\\\\\s\\\\\eng\d
=035  \\$a(OCoLC)733445860
=040  \\$aVaAlASP$cVaAlASP
=100  1\$aMason,Penelope A.
=245  12$aA Fluorescence-based Exonuclease Assay to Characterize DmWRNexo, Orthologue of Human Progeroid WRN Exonuclease, and Its Application to Other Nucleases$h[electronic resource]
=260  \\$aCambridge, MA$bMyJoVE Corp$c2016
=300  \\$aonline resource (371 seconds)
=490  0\$aBiology
=500  \\$aTitle from resource description page
=520  \\$aExonucleases play critical roles in ensuring genome stability. Loss of WRN exonuclease function results in premature aging. Studying substrates and other requirements of the nuclease in vitro can help elucidate its role in vivo. Here we demonstrate a rapid and reproducible fluorescence-based assay to measure its nuclease activity.
=521  \\$aFor undergraduate, graduate, and professional students
=546  \\$aEnglish
=650  \0$aBiology
=856  40$uhttps://www.jove.com/video/50722
=945  \\$aThe Whole World

