=LDR  00961ngm a2200000i 4500
=001  JoVEBiology50993
=008  161201s2016\\\\xx\\\\\g\\\\\\s\\\\\eng\d
=035  \\$a(OCoLC)733445860
=040  \\$aVaAlASP$cVaAlASP
=100  1\$aRottloff,Sandy
=245  12$aIsolation of Viable Multicellular Glands from Tissue of the Carnivorous Plant, Nepenthes$h[electronic resource]
=260  \\$aCambridge, MA$bMyJoVE Corp$c2016
=300  \\$aonline resource (428 seconds)
=490  0\$aBiology
=500  \\$aTitle from resource description page
=520  \\$aPlants glands are specialized structures responsible for the biosynthesis and secretion of many compounds involved in interactions with the biotic environment. To enable studies on their molecular and biochemical features, a mechanical micropreparation technique was established in order to isolate single metabolically active glands, here from the carnivorous plant Nepenthes.
=521  \\$aFor undergraduate, graduate, and professional students
=546  \\$aEnglish
=650  \0$aBiology
=856  40$uhttps://www.jove.com/video/50993
=945  \\$aThe Whole World

