=LDR  00926ngm a2200000i 4500
=001  JoVEMedicine50826
=008  161201s2016\\\\xx\\\\\g\\\\\\s\\\\\eng\d
=035  \\$a(OCoLC)733445860
=040  \\$aVaAlASP$cVaAlASP
=100  1\$aFenrich,Keith K.
=245  12$aImplanting Glass Spinal Cord Windows in Adult Mice with Experimental Autoimmune Encephalomyelitis$h[electronic resource]
=260  \\$aCambridge, MA$bMyJoVE Corp$c2016
=300  \\$aonline resource (560 seconds)
=490  0\$aMedicine
=500  \\$aTitle from resource description page
=520  \\$aWe describe a method for implanting and maintaining glass windows over the exposed spinal cords of adult mice for studying experimental autoimmune encephalomyelitis. These windows provide chronic optical access to the spinal cord for monitoring cell dynamics at the subcellular level in live animals using two-photon microscopy.
=521  \\$aFor undergraduate, graduate, and professional students
=546  \\$aEnglish
=650  \0$aMedicine
=856  40$uhttps://www.jove.com/video/50826
=945  \\$aThe Whole World

