=LDR  00921ngm a2200000i 4500
=001  JoVEBiology51060
=008  161201s2016\\\\xx\\\\\g\\\\\\s\\\\\eng\d
=035  \\$a(OCoLC)733445860
=040  \\$aVaAlASP$cVaAlASP
=100  1\$aSorrells,Shelly
=245  12$aAnalysis of Apoptosis in Zebrafish Embryos by Whole-mount Immunofluorescence to Detect Activated Caspase 3$h[electronic resource]
=260  \\$aCambridge, MA$bMyJoVE Corp$c2016
=300  \\$aonline resource (500 seconds)
=490  0\$aBiology
=500  \\$aTitle from resource description page
=520  \\$aCertain genetic perturbations or exposure to toxins can disrupt normal developmental processes leading to death of specific cell types. The analysis of activated Caspase 3 by whole-mount immunofluorescence in zebrafish embryos reveals stage- and tissue-specific localization of cells specifically undergoing apoptosis.
=521  \\$aFor undergraduate, graduate, and professional students
=546  \\$aEnglish
=650  \0$aBiology
=856  40$uhttps://www.jove.com/video/51060
=945  \\$aThe Whole World

