=LDR  00847ngm a2200000i 4500
=001  JoVEBiology50848
=008  161201s2016\\\\xx\\\\\g\\\\\\s\\\\\eng\d
=035  \\$a(OCoLC)733445860
=040  \\$aVaAlASP$cVaAlASP
=100  1\$aSlabodnick,Mark
=245  12$aVisualizing Cytoplasmic Flow During Single-cell Wound Healing in Stentor coeruleus$h[electronic resource]
=260  \\$aCambridge, MA$bMyJoVE Corp$c2016
=300  \\$aonline resource (489 seconds)
=490  0\$aBiology
=500  \\$aTitle from resource description page
=520  \\$aThe giant ciliate Stentor coeruleus is a classical system for studying regeneration and wound healing in single cells. By imaging Stentor cells simultaneously at low and high magnification it is possible to measure cytoplasmic flows before, during, and after wounding.
=521  \\$aFor undergraduate, graduate, and professional students
=546  \\$aEnglish
=650  \0$aBiology
=856  40$uhttps://www.jove.com/video/50848
=945  \\$aThe Whole World

