=LDR  00729ngm a2200000i 4500
=001  JoVEMedicine50806
=008  161201s2016\\\\xx\\\\\g\\\\\\s\\\\\eng\d
=035  \\$a(OCoLC)733445860
=040  \\$aVaAlASP$cVaAlASP
=100  1\$aBuonincontri,Guido
=245  12$aMRI and PET in Mouse Models of Myocardial Infarction$h[electronic resource]
=260  \\$aCambridge, MA$bMyJoVE Corp$c2016
=300  \\$aonline resource (647 seconds)
=490  0\$aMedicine
=500  \\$aTitle from resource description page
=520  \\$aWe describe how to perform MRI and PET imaging of the mouse heart. The protocol is tailored to assess treatment efficacy in models of myocardial infarction and heart failure.
=521  \\$aFor undergraduate, graduate, and professional students
=546  \\$aEnglish
=650  \0$aMedicine
=856  40$uhttps://www.jove.com/video/50806
=945  \\$aThe Whole World

