=LDR  00927ngm a2200000i 4500
=001  JoVEBiology50840
=008  161201s2016\\\\xx\\\\\g\\\\\\s\\\\\eng\d
=035  \\$a(OCoLC)733445860
=040  \\$aVaAlASP$cVaAlASP
=100  1\$aKarady,Ido
=245  12$aUsing Caenorhabditis elegans as a Model System to Study Protein Homeostasis in a Multicellular Organism$h[electronic resource]
=260  \\$aCambridge, MA$bMyJoVE Corp$c2016
=300  \\$aonline resource (758 seconds)
=490  0\$aBiology
=500  \\$aTitle from resource description page
=520  \\$aTo study the relationship between protein homeostasis, stress and aging, we monitored changes in protein folding by following protein dysfunction, protein localization in the cell and protein stability at the organismal, cellular and protein levels, using the genetically tractable metazoan Caenorhabditis elegans as a model system.
=521  \\$aFor undergraduate, graduate, and professional students
=546  \\$aEnglish
=650  \0$aBiology
=856  40$uhttps://www.jove.com/video/50840
=945  \\$aThe Whole World

