=LDR  01030ngm a2200000i 4500
=001  JoVEMedicine50815
=008  161201s2016\\\\xx\\\\\g\\\\\\s\\\\\eng\d
=035  \\$a(OCoLC)733445860
=040  \\$aVaAlASP$cVaAlASP
=100  1\$aHodgson,Nancy A.
=245  12$aCollecting Saliva and Measuring Salivary Cortisol and Alpha-amylase in Frail Community Residing Older Adults via Family Caregivers$h[electronic resource]
=260  \\$aCambridge, MA$bMyJoVE Corp$c2016
=300  \\$aonline resource (505 seconds)
=490  0\$aMedicine
=500  \\$aTitle from resource description page
=520  \\$aWe demonstrate: (1) procedures for collection of salivary samples in cognitive impaired older adults by family caregivers in the home setting, (2) procedures for measuring stress activity via salivary cortisol and alpha amylase, and (3) representative profiles. Protocols that allow researchers to study stress-linked processes advance our understanding of biological sensitivity and susceptibility.
=521  \\$aFor undergraduate, graduate, and professional students
=546  \\$aEnglish
=650  \0$aMedicine
=856  40$uhttps://www.jove.com/video/50815
=945  \\$aThe Whole World

