=LDR  00866ngm a2200000i 4500
=001  JoVEMedicine50567
=008  161201s2016\\\\xx\\\\\g\\\\\\s\\\\\eng\d
=035  \\$a(OCoLC)733445860
=040  \\$aVaAlASP$cVaAlASP
=100  1\$aChung,Wen Yuan
=245  12$aSteps for the Autologous Ex vivo Perfused Porcine Liver-kidney Experiment$h[electronic resource]
=260  \\$aCambridge, MA$bMyJoVE Corp$c2016
=300  \\$aonline resource (615 seconds)
=490  0\$aMedicine
=500  \\$aTitle from resource description page
=520  \\$aStudy of the animal organ physiology can be achieved by performing an experimental ex vivo perfusion system. The addition of a porcine kidney, as a homeostatic organ to our previously developed ex vivo liver perfusion model can be a principal step to achieve a better physiological environment.
=521  \\$aFor undergraduate, graduate, and professional students
=546  \\$aEnglish
=650  \0$aMedicine
=856  40$uhttps://www.jove.com/video/50567
=945  \\$aThe Whole World

