=LDR  00899ngm a2200000i 4500
=001  JoVEBiology50837
=008  161201s2016\\\\xx\\\\\g\\\\\\s\\\\\eng\d
=035  \\$a(OCoLC)733445860
=040  \\$aVaAlASP$cVaAlASP
=100  1\$aYilmazer,Açelya
=245  12$aIn vivo Reprogramming of Adult Somatic Cells to Pluripotency by Overexpression of Yamanaka Factors$h[electronic resource]
=260  \\$aCambridge, MA$bMyJoVE Corp$c2016
=300  \\$aonline resource (732 seconds)
=490  0\$aBiology
=500  \\$aTitle from resource description page
=520  \\$aThis study demonstrates the reprogramming of somatic cells towards pluripotency in vivo without the generation of teratomas. We used hydrodynamic tail vein injection of plasmid DNA encoding the Yamanka factors to induce the in vivo reprogramming of adult hepatocytes into cells of enhanced pluripotency.
=521  \\$aFor undergraduate, graduate, and professional students
=546  \\$aEnglish
=650  \0$aBiology
=856  40$uhttps://www.jove.com/video/50837
=945  \\$aThe Whole World

