=LDR  00983ngm a2200000i 4500
=001  JoVEBiology51018
=008  161201s2016\\\\xx\\\\\g\\\\\\s\\\\\eng\d
=035  \\$a(OCoLC)733445860
=040  \\$aVaAlASP$cVaAlASP
=100  1\$aIvanova,Elena
=245  12$aOptimized Protocol for Retinal Wholemount Preparation for Imaging and Immunohistochemistry$h[electronic resource]
=260  \\$aCambridge, MA$bMyJoVE Corp$c2016
=300  \\$aonline resource (512 seconds)
=490  0\$aBiology
=500  \\$aTitle from resource description page
=520  \\$aThe protocol described here is for structural assessment of a wholemount retinal preparation. This includes descriptions of tissue dissection, mounting onto a hydrophilized polytetrafluoroethylene (PTFE) membrane insert, bolus loading with fluorescent markers, and a comparison of fixation with carbodiimide and paraformaldehyde for immunohistochemical analysis of cellular and synaptic components.
=521  \\$aFor undergraduate, graduate, and professional students
=546  \\$aEnglish
=650  \0$aBiology
=856  40$uhttps://www.jove.com/video/51018
=945  \\$aThe Whole World

