=LDR  00965ngm a2200000i 4500
=001  JoVEBiology50925
=008  161201s2016\\\\xx\\\\\g\\\\\\s\\\\\eng\d
=035  \\$a(OCoLC)733445860
=040  \\$aVaAlASP$cVaAlASP
=100  1\$aSmith,Laura L.
=245  12$aAnalysis of Skeletal Muscle Defects in Larval Zebrafish by Birefringence and Touch-evoke Escape Response Assays$h[electronic resource]
=260  \\$aCambridge, MA$bMyJoVE Corp$c2016
=300  \\$aonline resource (481 seconds)
=490  0\$aBiology
=500  \\$aTitle from resource description page
=520  \\$aThe zebrafish is now an established and powerful tool for modeling muscular dystrophies, congenital myopathies, and related neuromuscular diseases. Birefringence and touch-evoked escape behavior are two common noninvasive assays used to determine the degree of muscular disorganization and locomotive impairment of zebrafish embryos during early development.
=521  \\$aFor undergraduate, graduate, and professional students
=546  \\$aEnglish
=650  \0$aBiology
=856  40$uhttps://www.jove.com/video/50925
=945  \\$aThe Whole World

