=LDR  00999ngm a2200000i 4500
=001  JoVEMedicine51077
=008  161201s2016\\\\xx\\\\\g\\\\\\s\\\\\eng\d
=035  \\$a(OCoLC)733445860
=040  \\$aVaAlASP$cVaAlASP
=100  1\$aVanicek,Natalie
=245  12$aComputerized Dynamic Posturography for Postural Control Assessment in Patients with Intermittent Claudication$h[electronic resource]
=260  \\$aCambridge, MA$bMyJoVE Corp$c2016
=300  \\$aonline resource (892 seconds)
=490  0\$aMedicine
=500  \\$aTitle from resource description page
=520  \\$aIndividuals with intermittent claudication exhibit poor balance compared to healthy controls. Computerized dynamic posturography is an objective method for measuring an individual's postural responses to balance disturbances. This provides an objective reflection of the person’s ability to respond to situations under which sensory stimuli are altered and unexpected perturbations occur.
=521  \\$aFor undergraduate, graduate, and professional students
=546  \\$aEnglish
=650  \0$aMedicine
=856  40$uhttps://www.jove.com/video/51077
=945  \\$aThe Whole World

