=LDR  00947ngm a2200000i 4500
=001  JoVEBiology50773
=008  161201s2016\\\\xx\\\\\g\\\\\\s\\\\\eng\d
=035  \\$a(OCoLC)733445860
=040  \\$aVaAlASP$cVaAlASP
=100  1\$aMariol,Marie-Christine
=245  12$aA Rapid Protocol for Integrating Extrachromosomal Arrays With High Transmission Rate into the C. elegans Genome$h[electronic resource]
=260  \\$aCambridge, MA$bMyJoVE Corp$c2016
=300  \\$aonline resource (393 seconds)
=490  0\$aBiology
=500  \\$aTitle from resource description page
=520  \\$aThis protocol describes a rapid and low material consuming procedure for the integration of transgenic extrachromosomal arrays into the Caenorhabditis elegans genome using ultra violet (UV) irradiation. Furthermore, this protocol is particularly well suited for transgenic lines that transmit extrachromosomal arrays at a high rate.
=521  \\$aFor undergraduate, graduate, and professional students
=546  \\$aEnglish
=650  \0$aBiology
=856  40$uhttps://www.jove.com/video/50773
=945  \\$aThe Whole World

