=LDR  00978ngm a2200000i 4500
=001  JoVEBiology50680
=008  161201s2016\\\\xx\\\\\g\\\\\\s\\\\\eng\d
=035  \\$a(OCoLC)733445860
=040  \\$aVaAlASP$cVaAlASP
=100  1\$aCurthoys,Nikki M.
=245  12$aSimultaneous Multicolor Imaging of Biological Structures with Fluorescence Photoactivation Localization Microscopy$h[electronic resource]
=260  \\$aCambridge, MA$bMyJoVE Corp$c2016
=300  \\$aonline resource (771 seconds)
=490  0\$aBiology
=500  \\$aTitle from resource description page
=520  \\$aWe demonstrate the use of fluorescence photo activation localization microscopy (FPALM) to simultaneously image multiple types of fluorescently labeled molecules within cells. The techniques described yield the localization of thousands to hundreds of thousands of individual fluorescent labeled proteins, with a precision of tens of nanometers within single cells.
=521  \\$aFor undergraduate, graduate, and professional students
=546  \\$aEnglish
=650  \0$aBiology
=856  40$uhttps://www.jove.com/video/50680
=945  \\$aThe Whole World

