=LDR  00823ngm a2200000i 4500
=001  JoVEMedicine50933
=008  161201s2016\\\\xx\\\\\g\\\\\\s\\\\\eng\d
=035  \\$a(OCoLC)733445860
=040  \\$aVaAlASP$cVaAlASP
=100  1\$aVenegas-Pino,Daniel E.
=245  12$aQuantitative Analysis and Characterization of Atherosclerotic Lesions in the Murine Aortic Sinus$h[electronic resource]
=260  \\$aCambridge, MA$bMyJoVE Corp$c2016
=300  \\$aonline resource (403 seconds)
=490  0\$aMedicine
=500  \\$aTitle from resource description page
=520  \\$aWe describe procedures to quantify and characterize atherosclerotic lesions in mouse models using precision sectioning of the aortic sinus and ascending aorta combined with histochemical and immunohistochemical analysis.
=521  \\$aFor undergraduate, graduate, and professional students
=546  \\$aEnglish
=650  \0$aMedicine
=856  40$uhttps://www.jove.com/video/50933
=945  \\$aThe Whole World

