=LDR  00997ngm a2200000i 4500
=001  JoVEBiology50856
=008  161201s2016\\\\xx\\\\\g\\\\\\s\\\\\eng\d
=035  \\$a(OCoLC)733445860
=040  \\$aVaAlASP$cVaAlASP
=100  1\$aPolanco,Juan Carlos
=245  12$aEnrichment and Purging of Human Embryonic Stem Cells by Detection of Cell Surface Antigens Using the Monoclonal Antibodies TG30 and GCTM-2$h[electronic resource]
=260  \\$aCambridge, MA$bMyJoVE Corp$c2016
=300  \\$aonline resource (763 seconds)
=490  0\$aBiology
=500  \\$aTitle from resource description page
=520  \\$aWe describe the use of the monoclonal antibodies TG30 (CD9) and GCTM-2 for the combined detection of cell surface antigens via fluorescence activated cell sorting (FACS) for the identification and enrichment of live human embryonic stem cells (hESC) using positive selection and also the use of negative selection to purge hESCs from a mixed cell population.
=521  \\$aFor undergraduate, graduate, and professional students
=546  \\$aEnglish
=650  \0$aBiology
=856  40$uhttps://www.jove.com/video/50856
=945  \\$aThe Whole World

