=LDR  00900ngm a2200000i 4500
=001  JoVEBiology50968
=008  161201s2016\\\\xx\\\\\g\\\\\\s\\\\\eng\d
=035  \\$a(OCoLC)733445860
=040  \\$aVaAlASP$cVaAlASP
=100  1\$aTian,Xiaolin
=245  12$aIdentifying Protein-protein Interaction in Drosophila Adult Heads by Tandem Affinity Purification (TAP)$h[electronic resource]
=260  \\$aCambridge, MA$bMyJoVE Corp$c2016
=300  \\$aonline resource (636 seconds)
=490  0\$aBiology
=500  \\$aTitle from resource description page
=520  \\$aDrosophila is famous for its powerful genetic manipulation, but not for its suitability of in-depth biochemical analysis. Here we present a TAP-based procedure to identify interacting partners of any protein of interest from the fly brain. This procedure can potentially lead to new avenues of research.
=521  \\$aFor undergraduate, graduate, and professional students
=546  \\$aEnglish
=650  \0$aBiology
=856  40$uhttps://www.jove.com/video/50968
=945  \\$aThe Whole World

