=LDR  00843ngm a2200000i 4500
=001  JoVEBiology50869
=008  161201s2016\\\\xx\\\\\g\\\\\\s\\\\\eng\d
=035  \\$a(OCoLC)733445860
=040  \\$aVaAlASP$cVaAlASP
=100  1\$aDorta-Estremera,Stephanie M
=245  12$aRapid Generation of Amyloid from Native Proteins In vitro$h[electronic resource]
=260  \\$aCambridge, MA$bMyJoVE Corp$c2016
=300  \\$aonline resource (348 seconds)
=490  0\$aBiology
=500  \\$aTitle from resource description page
=520  \\$aProteins can either adopt a native structure or misfold into insoluble amyloid. Conditions that favor the misfolding pathway lead to the formation of different types of amyloid fibrils. The methods described here allow rapid conversion of native proteins into amyloid in vitro.
=521  \\$aFor undergraduate, graduate, and professional students
=546  \\$aEnglish
=650  \0$aBiology
=856  40$uhttps://www.jove.com/video/50869
=945  \\$aThe Whole World

