=LDR  00796ngm a2200000i 4500
=001  JoVEBiology50681
=008  161201s2016\\\\xx\\\\\g\\\\\\s\\\\\eng\d
=035  \\$a(OCoLC)733445860
=040  \\$aVaAlASP$cVaAlASP
=100  1\$aMaaswinkel,Hans
=245  12$aUsing an Automated 3D-tracking System to Record Individual and Shoals of Adult Zebrafish$h[electronic resource]
=260  \\$aCambridge, MA$bMyJoVE Corp$c2016
=300  \\$aonline resource (843 seconds)
=490  0\$aBiology
=500  \\$aTitle from resource description page
=520  \\$aThe use of a 3D automatic video system that can track individual and groups of zebrafish is described. As application example we explore the effects of the NMDA-receptor antagonist MK-801 on shoals of zebrafish.
=521  \\$aFor undergraduate, graduate, and professional students
=546  \\$aEnglish
=650  \0$aBiology
=856  40$uhttps://www.jove.com/video/50681
=945  \\$aThe Whole World

