=LDR  01077ngm a2200000i 4500
=001  JoVEMedicine50795
=008  161201s2016\\\\xx\\\\\g\\\\\\s\\\\\eng\d
=035  \\$a(OCoLC)733445860
=040  \\$aVaAlASP$cVaAlASP
=100  1\$aTacher,Vania
=245  12$aDual-phase Cone-beam Computed Tomography to See, Reach, and Treat Hepatocellular Carcinoma during Drug-eluting Beads Transarterial Chemo-embolization$h[electronic resource]
=260  \\$aCambridge, MA$bMyJoVE Corp$c2016
=300  \\$aonline resource (589 seconds)
=490  0\$aMedicine
=500  \\$aTitle from resource description page
=520  \\$aDual-phase cone-beam computed tomography (DP-CBCT) is a useful intraprocedural imaging technique for transarterial chemo-embolization treatment with drug-eluting beads of hepatocellular carcinoma. DP-CBCT has been used to perform three major steps in oncologic interventional radiology: tumor localization (see), navigation and intraprocedural catheter guidance (reach), and intraprocedural evaluation of treatment success (treat).
=521  \\$aFor undergraduate, graduate, and professional students
=546  \\$aEnglish
=650  \0$aMedicine
=856  40$uhttps://www.jove.com/video/50795
=945  \\$aThe Whole World

