=LDR  00924ngm a2200000i 4500
=001  JoVEBiology50493
=008  161201s2016\\\\xx\\\\\g\\\\\\s\\\\\eng\d
=035  \\$a(OCoLC)733445860
=040  \\$aVaAlASP$cVaAlASP
=100  1\$aSpracklen,Andrew J.
=245  12$aThe Utility of Stage-specific Mid-to-late Drosophila Follicle Isolation$h[electronic resource]
=260  \\$aCambridge, MA$bMyJoVE Corp$c2016
=300  \\$aonline resource (524 seconds)
=490  0\$aBiology
=500  \\$aTitle from resource description page
=520  \\$aStage-specific isolation of mid-to-late Drosophila follicles is useful for a variety of purposes. Such follicles develop in culture, which allows for genetic and/or pharmacologic manipulations to be coupled with in vitro development assays and live imaging. Additionally, follicles can be used for molecular studies, such as isolating mRNA and protein.
=521  \\$aFor undergraduate, graduate, and professional students
=546  \\$aEnglish
=650  \0$aBiology
=856  40$uhttps://www.jove.com/video/50493
=945  \\$aThe Whole World

