=LDR  00904ngm a2200000i 4500
=001  JoVEMedicine50181
=008  161201s2016\\\\xx\\\\\g\\\\\\s\\\\\eng\d
=035  \\$a(OCoLC)733445860
=040  \\$aVaAlASP$cVaAlASP
=100  1\$aKasman,Laura
=245  12$aAn Orthotopic Bladder Cancer Model for Gene Delivery Studies$h[electronic resource]
=260  \\$aCambridge, MA$bMyJoVE Corp$c2016
=300  \\$aonline resource (468 seconds)
=490  0\$aMedicine
=500  \\$aTitle from resource description page
=520  \\$aImplantation of cancer cells into the organ of origin can serve as a useful preclinical model to evaluate novel therapies. MB49 bladder carcinoma cells can be grown within the bladder following intravesical instillation. This protocol demonstrates catheterization of the mouse bladder for the purpose of tumor implantation and adenoviral delivery.
=521  \\$aFor undergraduate, graduate, and professional students
=546  \\$aEnglish
=650  \0$aMedicine
=856  40$uhttps://www.jove.com/video/50181
=945  \\$aThe Whole World

