=LDR  00713ngm a2200000i 4500
=001  JoVEBiology50785
=008  161201s2016\\\\xx\\\\\g\\\\\\s\\\\\eng\d
=035  \\$a(OCoLC)733445860
=040  \\$aVaAlASP$cVaAlASP
=100  1\$aKriegel,Alison J.
=245  12$aMicroRNA In situ Hybridization for Formalin Fixed Kidney Tissues$h[electronic resource]
=260  \\$aCambridge, MA$bMyJoVE Corp$c2016
=300  \\$aonline resource (741 seconds)
=490  0\$aBiology
=500  \\$aTitle from resource description page
=520  \\$aThis article describes an in situ hybridization protocol optimized for colormetric detection of microRNA expression in formalin fixed kidney sections.
=521  \\$aFor undergraduate, graduate, and professional students
=546  \\$aEnglish
=650  \0$aBiology
=856  40$uhttps://www.jove.com/video/50785
=945  \\$aThe Whole World

