=LDR  00825ngm a2200000i 4500
=001  JoVEBiology50879
=008  161201s2016\\\\xx\\\\\g\\\\\\s\\\\\eng\d
=035  \\$a(OCoLC)733445860
=040  \\$aVaAlASP$cVaAlASP
=100  1\$aDeline,Marshall L.
=245  12$aDietary Supplementation of Polyunsaturated Fatty Acids in Caenorhabditis elegans$h[electronic resource]
=260  \\$aCambridge, MA$bMyJoVE Corp$c2016
=300  \\$aonline resource (578 seconds)
=490  0\$aBiology
=500  \\$aTitle from resource description page
=520  \\$aCaenorhabditis elegans is a useful model to explore the functions of polyunsaturated fatty acids in development and physiology.  This protocol describes an efficient method of supplementing the C. elegans diet with polyunsaturated fatty acids.  
=521  \\$aFor undergraduate, graduate, and professional students
=546  \\$aEnglish
=650  \0$aBiology
=856  40$uhttps://www.jove.com/video/50879
=945  \\$aThe Whole World

