=LDR  00847ngm a2200000i 4500
=001  JoVEMedicine50912
=008  161201s2016\\\\xx\\\\\g\\\\\\s\\\\\eng\d
=035  \\$a(OCoLC)733445860
=040  \\$aVaAlASP$cVaAlASP
=100  1\$aBrittain,Evan
=245  12$aEchocardiographic Assessment of the Right Heart in Mice$h[electronic resource]
=260  \\$aCambridge, MA$bMyJoVE Corp$c2016
=300  \\$aonline resource (569 seconds)
=490  0\$aMedicine
=500  \\$aTitle from resource description page
=520  \\$aThis article provides a protocol for the echocardiographic assessment of right ventricular size and pulmonary hypertension in mice.  Applications include phenotype determination and serial assessment in transgenic and toxin-induced mouse models of cardiomyopathy and pulmonary vascular disease.
=521  \\$aFor undergraduate, graduate, and professional students
=546  \\$aEnglish
=650  \0$aMedicine
=856  40$uhttps://www.jove.com/video/50912
=945  \\$aThe Whole World

