=LDR  00831ngm a2200000i 4500
=001  JoVEBiology51153
=008  161201s2016\\\\xx\\\\\g\\\\\\s\\\\\eng\d
=035  \\$a(OCoLC)733445860
=040  \\$aVaAlASP$cVaAlASP
=100  1\$aMcIsaac,R. Scott
=245  12$aRapid Synthesis and Screening of Chemically Activated Transcription Factors with GFP-based Reporters$h[electronic resource]
=260  \\$aCambridge, MA$bMyJoVE Corp$c2016
=300  \\$aonline resource (562 seconds)
=490  0\$aBiology
=500  \\$aTitle from resource description page
=520  \\$aThis protocol describes an experimental procedure for the rapid construction of artificial transcription factors (ATFs) with cognate GFP reporters and quantification of the ATFs ability to stimulate GFP expression via flow cytometry.
=521  \\$aFor undergraduate, graduate, and professional students
=546  \\$aEnglish
=650  \0$aBiology
=856  40$uhttps://www.jove.com/video/51153
=945  \\$aThe Whole World

