=LDR  00784ngm a2200000i 4500
=001  JoVEMedicine50534
=008  161201s2016\\\\xx\\\\\g\\\\\\s\\\\\eng\d
=035  \\$a(OCoLC)733445860
=040  \\$aVaAlASP$cVaAlASP
=100  1\$aEbinger,Martin
=245  12$aPrehospital Thrombolysis: A Manual from Berlin$h[electronic resource]
=260  \\$aCambridge, MA$bMyJoVE Corp$c2016
=300  \\$aonline resource (352 seconds)
=490  0\$aMedicine
=500  \\$aTitle from resource description page
=520  \\$aIdentification of suspected stroke in the dispatch center of the Berlin Fire Brigade prompts the deployment of a CT-equipped ambulance. If ischemic stroke is confirmed and contraindications are excluded prehospital thrombolysis is applied.
=521  \\$aFor undergraduate, graduate, and professional students
=546  \\$aEnglish
=650  \0$aMedicine
=856  40$uhttps://www.jove.com/video/50534
=945  \\$aThe Whole World

