=LDR  00744ngm a2200000i 4500
=001  JoVEMedicine50802
=008  161201s2016\\\\xx\\\\\g\\\\\\s\\\\\eng\d
=035  \\$a(OCoLC)733445860
=040  \\$aVaAlASP$cVaAlASP
=100  1\$aSrinivas,Mangala
=245  12$aIn vivo 19F MRI for Cell Tracking$h[electronic resource]
=260  \\$aCambridge, MA$bMyJoVE Corp$c2016
=300  \\$aonline resource (605 seconds)
=490  0\$aMedicine
=500  \\$aTitle from resource description page
=520  \\$aWe describe a general protocol for in vivo cell tracking using MRI in a mouse model with ex vivo labeled cells. A typical protocol for cell labeling, image acquisition processing and quantification is included.
=521  \\$aFor undergraduate, graduate, and professional students
=546  \\$aEnglish
=650  \0$aMedicine
=856  40$uhttps://www.jove.com/video/50802
=945  \\$aThe Whole World

