=LDR  00952ngm a2200000i 4500
=001  JoVEBiology50759
=008  161201s2016\\\\xx\\\\\g\\\\\\s\\\\\eng\d
=035  \\$a(OCoLC)733445860
=040  \\$aVaAlASP$cVaAlASP
=100  1\$aSocha,Matthew J.
=245  12$aIsolation of Microvascular Endothelial Tubes from Mouse Resistance Arteries$h[electronic resource]
=260  \\$aCambridge, MA$bMyJoVE Corp$c2016
=300  \\$aonline resource (563 seconds)
=490  0\$aBiology
=500  \\$aTitle from resource description page
=520  \\$aWe present a preparation for visualizing and manipulating calcium signaling in native, intact microvascular endothelium. Endothelial tubes freshly isolated from mouse resistance arteries supplying skeletal muscle retain in vivo morphology and dynamic signaling within and between neighboring cells. Endothelial tubes can be prepared from microvessels of other tissues and organs.
=521  \\$aFor undergraduate, graduate, and professional students
=546  \\$aEnglish
=650  \0$aBiology
=856  40$uhttps://www.jove.com/video/50759
=945  \\$aThe Whole World

