=LDR  00802ngm a2200000i 4500
=001  JoVEBiology50465
=008  161201s2016\\\\xx\\\\\g\\\\\\s\\\\\eng\d
=035  \\$a(OCoLC)733445860
=040  \\$aVaAlASP$cVaAlASP
=100  1\$aPelletier,Joffrey
=245  12$aBiochemical Titration of Glycogen In vitro$h[electronic resource]
=260  \\$aCambridge, MA$bMyJoVE Corp$c2016
=300  \\$aonline resource (436 seconds)
=490  0\$aBiology
=500  \\$aTitle from resource description page
=520  \\$aWe describe here an accurate, reproducible and convenient biochemical method for titration of glycogen in vitro. This technique uses the Abcam Glycogen assay kit and is based on successive hydrolysis of glycogen to glucose and glucose titration by fluorescence.
=521  \\$aFor undergraduate, graduate, and professional students
=546  \\$aEnglish
=650  \0$aBiology
=856  40$uhttps://www.jove.com/video/50465
=945  \\$aThe Whole World

