=LDR  00990ngm a2200000i 4500
=001  JoVEMedicine50935
=008  161201s2016\\\\xx\\\\\g\\\\\\s\\\\\eng\d
=035  \\$a(OCoLC)733445860
=040  \\$aVaAlASP$cVaAlASP
=100  1\$aAmatoury,Mazen
=245  12$aHigh-throughput Flow Cytometry Cell-based Assay to Detect Antibodies to N-Methyl-D-aspartate Receptor or Dopamine-2 Receptor in Human Serum$h[electronic resource]
=260  \\$aCambridge, MA$bMyJoVE Corp$c2016
=300  \\$aonline resource (619 seconds)
=490  0\$aMedicine
=500  \\$aTitle from resource description page
=520  \\$aOver the recent years, live cell-based assays have been used successfully to detect antibodies against surface and conformational antigens. Here, we describe a method using high-throughput flow cytometry enabling the analysis of large cohorts of patients. Detection of novel antibodies will improve diagnosis and treatment of immune-mediated disorders.
=521  \\$aFor undergraduate, graduate, and professional students
=546  \\$aEnglish
=650  \0$aMedicine
=856  40$uhttps://www.jove.com/video/50935
=945  \\$aThe Whole World

