=LDR  00866ngm a2200000i 4500
=001  JoVEMedicine50994
=008  161201s2016\\\\xx\\\\\g\\\\\\s\\\\\eng\d
=035  \\$a(OCoLC)733445860
=040  \\$aVaAlASP$cVaAlASP
=100  1\$aKim,WooJin
=245  12$aIn utero Measurement of Heart Rate in Mouse by Noninvasive M-mode Echocardiography$h[electronic resource]
=260  \\$aCambridge, MA$bMyJoVE Corp$c2016
=300  \\$aonline resource (481 seconds)
=490  0\$aMedicine
=500  \\$aTitle from resource description page
=520  \\$aUltra-high frequency ultrasound is a powerful live imaging tool to examine cardiac abnormalities in small animals. Its noninvasiveness allows maintaining the physiologic state of embryos. Herein, we show the use of M-mode ultrasound to measure the heart rates of embryos at E18.5 in utero.
=521  \\$aFor undergraduate, graduate, and professional students
=546  \\$aEnglish
=650  \0$aMedicine
=856  40$uhttps://www.jove.com/video/50994
=945  \\$aThe Whole World

