=LDR  00852ngm a2200000i 4500
=001  JoVEMedicine50845
=008  161201s2016\\\\xx\\\\\g\\\\\\s\\\\\eng\d
=035  \\$a(OCoLC)733445860
=040  \\$aVaAlASP$cVaAlASP
=100  1\$aSchüller,Kathrin
=245  12$aA Murine Model of Subarachnoid Hemorrhage$h[electronic resource]
=260  \\$aCambridge, MA$bMyJoVE Corp$c2016
=300  \\$aonline resource (460 seconds)
=490  0\$aMedicine
=500  \\$aTitle from resource description page
=520  \\$aA standardized mouse model of subarachnoid hemorrhage by intraluminal Circle of Willis perforation is described. Vessel perforation and subarachnoid bleeding are monitored by intracranial pressure monitoring. In addition various vital parameters are recorded and controlled to maintain physiologic conditions.
=521  \\$aFor undergraduate, graduate, and professional students
=546  \\$aEnglish
=650  \0$aMedicine
=856  40$uhttps://www.jove.com/video/50845
=945  \\$aThe Whole World

