=LDR  00794ngm a2200000i 4500
=001  JoVEBiology50838
=008  161201s2016\\\\xx\\\\\g\\\\\\s\\\\\eng\d
=035  \\$a(OCoLC)733445860
=040  \\$aVaAlASP$cVaAlASP
=100  1\$aLu,Wen
=245  12$aOrganelle Transport in Cultured Drosophila Cells: S2 Cell Line and Primary Neurons.$h[electronic resource]
=260  \\$aCambridge, MA$bMyJoVE Corp$c2016
=300  \\$aonline resource (608 seconds)
=490  0\$aBiology
=500  \\$aTitle from resource description page
=520  \\$aDrosophila S2 cells and cultured neurons are great systems for imaging of motor-driven organelle transport in vivo. Here we describe detailed protocols for culturing both cell types, their imaging and analysis of transport.
=521  \\$aFor undergraduate, graduate, and professional students
=546  \\$aEnglish
=650  \0$aBiology
=856  40$uhttps://www.jove.com/video/50838
=945  \\$aThe Whole World

