=LDR  00879ngm a2200000i 4500
=001  JoVEBiology50683
=008  161201s2016\\\\xx\\\\\g\\\\\\s\\\\\eng\d
=035  \\$a(OCoLC)733445860
=040  \\$aVaAlASP$cVaAlASP
=100  1\$aAdler,Adam J.
=245  12$aInfinium Assay for Large-scale SNP Genotyping Applications$h[electronic resource]
=260  \\$aCambridge, MA$bMyJoVE Corp$c2016
=300  \\$aonline resource (814 seconds)
=490  0\$aBiology
=500  \\$aTitle from resource description page
=520  \\$aA protocol is described that uses Illumina's Infinium assays to perform large-scale genotyping. These assays can reliably genotype millions of SNPs across hundreds of individual DNA samples in three days. Once generated, these genotypes can be used to check for associations with a variety of different diseases or phenotypes.
=521  \\$aFor undergraduate, graduate, and professional students
=546  \\$aEnglish
=650  \0$aBiology
=856  40$uhttps://www.jove.com/video/50683
=945  \\$aThe Whole World

