=LDR  00870ngm a2200000i 4500
=001  JoVEMedicine50957
=008  161201s2016\\\\xx\\\\\g\\\\\\s\\\\\eng\d
=035  \\$a(OCoLC)733445860
=040  \\$aVaAlASP$cVaAlASP
=100  1\$aYang,Dongshan
=245  12$aProduction of Apolipoprotein C-III Knockout Rabbits using Zinc Finger Nucleases$h[electronic resource]
=260  \\$aCambridge, MA$bMyJoVE Corp$c2016
=300  \\$aonline resource (659 seconds)
=490  0\$aMedicine
=500  \\$aTitle from resource description page
=520  \\$aRecent development in gene targeting tools makes production of knockout  (KO) rabbits possible. In the present work, we generated five Apolipoprotein (Apo) C-III KO rabbits using Zinc Finger Nucleases  (ZFN). This work demonstrated that ZFN is a highly efficient method to produce  KO rabbits.
=521  \\$aFor undergraduate, graduate, and professional students
=546  \\$aEnglish
=650  \0$aMedicine
=856  40$uhttps://www.jove.com/video/50957
=945  \\$aThe Whole World

