=LDR  00890ngm a2200000i 4500
=001  JoVEBiology50844
=008  161201s2016\\\\xx\\\\\g\\\\\\s\\\\\eng\d
=035  \\$a(OCoLC)733445860
=040  \\$aVaAlASP$cVaAlASP
=100  1\$aKról,Ewa
=245  12$aFtsZ Polymerization Assays: Simple Protocols and Considerations$h[electronic resource]
=260  \\$aCambridge, MA$bMyJoVE Corp$c2016
=300  \\$aonline resource (724 seconds)
=490  0\$aBiology
=500  \\$aTitle from resource description page
=520  \\$aPolymerization of FtsZ is essential for bacterial cell division. In this report, we detail simple protocols to monitor FtsZ polymerization activity and discuss the influence of buffer composition. The protocols can be used to study the interaction of FtsZ with regulatory proteins or antibacterial drugs that affect FtsZ polymerization.
=521  \\$aFor undergraduate, graduate, and professional students
=546  \\$aEnglish
=650  \0$aBiology
=856  40$uhttps://www.jove.com/video/50844
=945  \\$aThe Whole World

