=LDR  00916ngm a2200000i 4500
=001  JoVEBiology51085
=008  161201s2016\\\\xx\\\\\g\\\\\\s\\\\\eng\d
=035  \\$a(OCoLC)733445860
=040  \\$aVaAlASP$cVaAlASP
=100  1\$aLi,Hao
=245  12$aReverse Yeast Two-hybrid System to Identify Mammalian Nuclear Receptor Residues that Interact with Ligands and/or Antagonists$h[electronic resource]
=260  \\$aCambridge, MA$bMyJoVE Corp$c2016
=300  \\$aonline resource (651 seconds)
=490  0\$aBiology
=500  \\$aTitle from resource description page
=520  \\$aKetoconazole binds to and antagonizes Pregnane X Receptor (PXR) activation. Yeast high throughput screens of PXR mutants define a unique region for ketoconazole binding. This yeast-based genetic method discovers novel nuclear receptor interactions with ligands that associate with surface binding sites.
=521  \\$aFor undergraduate, graduate, and professional students
=546  \\$aEnglish
=650  \0$aBiology
=856  40$uhttps://www.jove.com/video/51085
=945  \\$aThe Whole World

