=LDR  00862ngm a2200000i 4500
=001  JoVEBiology50824
=008  161201s2016\\\\xx\\\\\g\\\\\\s\\\\\eng\d
=035  \\$a(OCoLC)733445860
=040  \\$aVaAlASP$cVaAlASP
=100  1\$aAlfaqeeh,Sarah A.
=245  12$aThe Slice Culture Method for Following Development of Tooth Germs In Explant Culture$h[electronic resource]
=260  \\$aCambridge, MA$bMyJoVE Corp$c2016
=300  \\$aonline resource (467 seconds)
=490  0\$aBiology
=500  \\$aTitle from resource description page
=520  \\$aHere we detail a method to culture tooth germs in mandible slices using a tissue chopper. This method allows unique access to the tooth during development, providing excellent opportunity for manipulation and lineage tracing, not available using more traditional culture methods.
=521  \\$aFor undergraduate, graduate, and professional students
=546  \\$aEnglish
=650  \0$aBiology
=856  40$uhttps://www.jove.com/video/50824
=945  \\$aThe Whole World

