=LDR  00944ngm a2200000i 4500
=001  JoVEBiology50734
=008  161201s2016\\\\xx\\\\\g\\\\\\s\\\\\eng\d
=035  \\$a(OCoLC)733445860
=040  \\$aVaAlASP$cVaAlASP
=100  1\$aShao,Yongqi
=245  12$aIdentification of Metabolically Active Bacteria in the Gut of the Generalist Spodoptera littoralis via DNA Stable Isotope Probing Using 13C-Glucose$h[electronic resource]
=260  \\$aCambridge, MA$bMyJoVE Corp$c2016
=300  \\$aonline resource (731 seconds)
=490  0\$aBiology
=500  \\$aTitle from resource description page
=520  \\$aThe active bacterial community associated with the gut of Spodoptera littoralis, was determined by stable-isotope-probing (SIP) coupled to pyrosequencing. Using this methodology, identification of the metabolically active bacteria species within the community was done with high resolution and precision.
=521  \\$aFor undergraduate, graduate, and professional students
=546  \\$aEnglish
=650  \0$aBiology
=856  40$uhttps://www.jove.com/video/50734
=945  \\$aThe Whole World

