=LDR  00965ngm a2200000i 4500
=001  JoVEBiology50259
=008  161201s2016\\\\xx\\\\\g\\\\\\s\\\\\eng\d
=035  \\$a(OCoLC)733445860
=040  \\$aVaAlASP$cVaAlASP
=100  1\$aHorstick,Eric J.
=245  12$aAnalysis of Embryonic and Larval Zebrafish Skeletal Myofibers from Dissociated Preparations$h[electronic resource]
=260  \\$aCambridge, MA$bMyJoVE Corp$c2016
=300  \\$aonline resource (358 seconds)
=490  0\$aBiology
=500  \\$aTitle from resource description page
=520  \\$aZebrafish are an emerging system for modeling human disorders of the skeletal muscle.  We describe a fast and efficient method to isolate skeletal muscle myofibers from embryonic and larval zebrafish.  This method yields a high-density myofiber preparation suitable for study of single skeletal muscle fiber morphology, protein subcellular localization, and muscle physiology.
=521  \\$aFor undergraduate, graduate, and professional students
=546  \\$aEnglish
=650  \0$aBiology
=856  40$uhttps://www.jove.com/video/50259
=945  \\$aThe Whole World

