=LDR  01010ngm a2200000i 4500
=001  JoVEBiology50732
=008  161201s2016\\\\xx\\\\\g\\\\\\s\\\\\eng\d
=035  \\$a(OCoLC)733445860
=040  \\$aVaAlASP$cVaAlASP
=100  1\$aLee,Keun Pyo
=245  12$aA Seed Coat Bedding Assay to Genetically Explore In Vitro How the Endosperm Controls Seed Germination in Arabidopsis thaliana$h[electronic resource]
=260  \\$aCambridge, MA$bMyJoVE Corp$c2016
=300  \\$aonline resource (532 seconds)
=490  0\$aBiology
=500  \\$aTitle from resource description page
=520  \\$aWe present the procedure to assemble a seed coat bedding assay (SCBA) from Arabidopsis thaliana seeds. The SCBA was shown to be a powerful tool to explore genetically and in vitro how the endosperm controls seed germination in dormant seeds and in response to light cues. The SCBA is in principle applicable under any situation where the endosperm is suspected to influence embryonic growth.
=521  \\$aFor undergraduate, graduate, and professional students
=546  \\$aEnglish
=650  \0$aBiology
=856  40$uhttps://www.jove.com/video/50732
=945  \\$aThe Whole World

