=LDR  00968ngm a2200000i 4500
=001  JoVEMedicine50643
=008  161201s2016\\\\xx\\\\\g\\\\\\s\\\\\eng\d
=035  \\$a(OCoLC)733445860
=040  \\$aVaAlASP$cVaAlASP
=100  1\$aRizk,Amanda K.
=245  12$aUsing Continuous Data Tracking Technology to Study Exercise Adherence in Pulmonary Rehabilitation$h[electronic resource]
=260  \\$aCambridge, MA$bMyJoVE Corp$c2016
=300  \\$aonline resource (582 seconds)
=490  0\$aMedicine
=500  \\$aTitle from resource description page
=520  \\$aPulmonary rehabilitation is widely recognized in the management of respiratory diseases. A key component to successful pulmonary rehabilitation is adherence to the recommended exercise training. The purpose of the present protocol is to describe how continuous data tracking technology can be used to precisely measure adherence to a prescribed aerobic training intensity.
=521  \\$aFor undergraduate, graduate, and professional students
=546  \\$aEnglish
=650  \0$aMedicine
=856  40$uhttps://www.jove.com/video/50643
=945  \\$aThe Whole World

