=LDR  00907ngm a2200000i 4500
=001  JoVEMedicine50601
=008  161201s2016\\\\xx\\\\\g\\\\\\s\\\\\eng\d
=035  \\$a(OCoLC)733445860
=040  \\$aVaAlASP$cVaAlASP
=100  1\$aCai,Yan
=245  12$aNoninvasive Intratracheal Intubation to Study the Pathology and Physiology of Mouse Lung$h[electronic resource]
=260  \\$aCambridge, MA$bMyJoVE Corp$c2016
=300  \\$aonline resource (315 seconds)
=490  0\$aMedicine
=500  \\$aTitle from resource description page
=520  \\$aThe use of a model that mimics the condition of lung diseases in humans is critical for studying the pathophysiology and/or etiology of a particular disease and for developing therapeutic intervention. Here a noninvasive intratracheal intubation method that can directly deliver exogenous materials to mouse lungs is presented.
=521  \\$aFor undergraduate, graduate, and professional students
=546  \\$aEnglish
=650  \0$aMedicine
=856  40$uhttps://www.jove.com/video/50601
=945  \\$aThe Whole World

