=LDR  01178ngm a2200000i 4500
=001  JoVEBiology4332
=008  161201s2016\\\\xx\\\\\g\\\\\\s\\\\\eng\d
=035  \\$a(OCoLC)733445860
=040  \\$aVaAlASP$cVaAlASP
=100  1\$aPolston,Jane E.
=245  12$aTransmitting Plant Viruses Using Whiteflies$h[electronic resource]
=260  \\$aCambridge, MA$bMyJoVE Corp$c2016
=300  \\$aonline resource (622 seconds)
=490  0\$aBiology
=500  \\$aTitle from resource description page
=520  \\$aImproving our understanding of and our ability to manage many of the insect-transmitted plant viruses requires the use of the vector. Insect transmission of plant viruses is a tritrophic interaction, and as such requires the manipulation of insects, virus, and plant. Vectors must be reared in large numbers and manipulated in such a way as to insure high rates of transmission to test plants. The basics of rearing and manipulating the whitefly, Bemisa tabaci (Hemiptera: Aleyrodidae), a vector of plant viruses belonging to several emerging plant virus genera, representing a large number of economically significant viruses is presented.
=521  \\$aFor undergraduate, graduate, and professional students
=546  \\$aEnglish
=650  \0$aBiology
=856  40$uhttps://www.jove.com/video/4332
=945  \\$aThe Whole World

