=LDR  00956ngm a2200000i 4500
=001  JoVEBiology50818
=008  161201s2016\\\\xx\\\\\g\\\\\\s\\\\\eng\d
=035  \\$a(OCoLC)733445860
=040  \\$aVaAlASP$cVaAlASP
=100  1\$aGong,Guohua
=245  12$aConfocal Imaging of Single Mitochondrial Superoxide Flashes in Intact Heart or In Vivo$h[electronic resource]
=260  \\$aCambridge, MA$bMyJoVE Corp$c2016
=300  \\$aonline resource (726 seconds)
=490  0\$aBiology
=500  \\$aTitle from resource description page
=520  \\$aConfocal scanning microscopy is applied for imaging single mitochondrial events in perfused heart or skeletal muscles in live animal. Real-time monitoring of single mitochondrial processes such as superoxide flashes and membrane potential fluctuations enables the evaluation of mitochondrial function in a physiologically relevant context and during pathological perturbations.
=521  \\$aFor undergraduate, graduate, and professional students
=546  \\$aEnglish
=650  \0$aBiology
=856  40$uhttps://www.jove.com/video/50818
=945  \\$aThe Whole World

