=LDR  00794ngm a2200000i 4500
=001  JoVEBiology50717
=008  161201s2016\\\\xx\\\\\g\\\\\\s\\\\\eng\d
=035  \\$a(OCoLC)733445860
=040  \\$aVaAlASP$cVaAlASP
=100  1\$aZhang,Xuezhi
=245  12$aDetecting, Visualizing and Quantitating the Generation of Reactive Oxygen Species in an Amoeba Model System$h[electronic resource]
=260  \\$aCambridge, MA$bMyJoVE Corp$c2016
=300  \\$aonline resource (1001 seconds)
=490  0\$aBiology
=500  \\$aTitle from resource description page
=520  \\$aWe adapted a set of protocols for the measurement of reactive oxygen species (ROS) that can be applied in various amoeba and mammalian cellular models for qualitative and quantitative studies.
=521  \\$aFor undergraduate, graduate, and professional students
=546  \\$aEnglish
=650  \0$aBiology
=856  40$uhttps://www.jove.com/video/50717
=945  \\$aThe Whole World

