=LDR  00802ngm a2200000i 4500
=001  JoVEBiology50485
=008  161201s2016\\\\xx\\\\\g\\\\\\s\\\\\eng\d
=035  \\$a(OCoLC)733445860
=040  \\$aVaAlASP$cVaAlASP
=100  1\$aDonndorf,Peter
=245  12$aIntravital Microscopy of the Microcirculation in the Mouse Cremaster Muscle for the Analysis of Peripheral Stem Cell Migration$h[electronic resource]
=260  \\$aCambridge, MA$bMyJoVE Corp$c2016
=300  \\$aonline resource (456 seconds)
=490  0\$aBiology
=500  \\$aTitle from resource description page
=520  \\$aIntravital microscopy of the mouse M. cremaster microcirculation offers a unique and well-standardized in vivo model for the analysis of peripheral bone marrow stem cell migration.
=521  \\$aFor undergraduate, graduate, and professional students
=546  \\$aEnglish
=650  \0$aBiology
=856  40$uhttps://www.jove.com/video/50485
=945  \\$aThe Whole World

