=LDR  00799ngm a2200000i 4500
=001  JoVEMedicine50657
=008  161201s2016\\\\xx\\\\\g\\\\\\s\\\\\eng\d
=035  \\$a(OCoLC)733445860
=040  \\$aVaAlASP$cVaAlASP
=100  1\$aBatt,Jane A. E.
=245  12$aTibial Nerve Transection - A Standardized Model for Denervation-induced Skeletal Muscle Atrophy in Mice$h[electronic resource]
=260  \\$aCambridge, MA$bMyJoVE Corp$c2016
=300  \\$aonline resource (650 seconds)
=490  0\$aMedicine
=500  \\$aTitle from resource description page
=520  \\$aThe tibial nerve transection model is a well-tolerated, validated, and reproducible model of skeletal muscle atrophy. The model surgical protocol is described and demonstrated in C57Black6 mice.  
=521  \\$aFor undergraduate, graduate, and professional students
=546  \\$aEnglish
=650  \0$aMedicine
=856  40$uhttps://www.jove.com/video/50657
=945  \\$aThe Whole World

