=LDR  00960ngm a2200000i 4500
=001  JoVEMedicine50713
=008  161201s2016\\\\xx\\\\\g\\\\\\s\\\\\eng\d
=035  \\$a(OCoLC)733445860
=040  \\$aVaAlASP$cVaAlASP
=100  1\$aPérot,Philippe
=245  12$aMicroarray-based Identification of Individual HERV Loci Expression: Application to Biomarker Discovery in Prostate Cancer$h[electronic resource]
=260  \\$aCambridge, MA$bMyJoVE Corp$c2016
=300  \\$aonline resource (799 seconds)
=490  0\$aMedicine
=500  \\$aTitle from resource description page
=520  \\$aHuman endogenous retroviruses (HERV), which occupy 8% of the human genome, retain scarce coding capacities but a hundred thousand long terminal repeats (LTRs). A custom Affymetrix microarray was designed to identify individual HERV locus expression and was used on prostate cancer tissues as a proof of concept for future clinical studies.
=521  \\$aFor undergraduate, graduate, and professional students
=546  \\$aEnglish
=650  \0$aMedicine
=856  40$uhttps://www.jove.com/video/50713
=945  \\$aThe Whole World

