=LDR  00910ngm a2200000i 4500
=001  JoVEBiology50863
=008  161201s2016\\\\xx\\\\\g\\\\\\s\\\\\eng\d
=035  \\$a(OCoLC)733445860
=040  \\$aVaAlASP$cVaAlASP
=100  1\$aShank,Elizabeth Anne
=245  12$aUsing Coculture to Detect Chemically Mediated Interspecies Interactions$h[electronic resource]
=260  \\$aCambridge, MA$bMyJoVE Corp$c2016
=300  \\$aonline resource (509 seconds)
=490  0\$aBiology
=500  \\$aTitle from resource description page
=520  \\$aBacteria produce secreted compounds that have the potential to affect the physiology of their microbial neighbors. Here we describe a coculture screen that allows detection of such chemically mediated interspecies interactions by mixing soil microbes with fluorescent transcriptional reporter strains of Bacillus subtilis on solid media.
=521  \\$aFor undergraduate, graduate, and professional students
=546  \\$aEnglish
=650  \0$aBiology
=856  40$uhttps://www.jove.com/video/50863
=945  \\$aThe Whole World

