=LDR  00970ngm a2200000i 4500
=001  JoVEBiology50921
=008  161201s2016\\\\xx\\\\\g\\\\\\s\\\\\eng\d
=035  \\$a(OCoLC)733445860
=040  \\$aVaAlASP$cVaAlASP
=100  1\$aSzymanski,Eva Paige
=245  12$aBudding Yeast Protein Extraction and Purification for the Study of Function, Interactions, and Post-translational Modifications$h[electronic resource]
=260  \\$aCambridge, MA$bMyJoVE Corp$c2016
=300  \\$aonline resource (562 seconds)
=490  0\$aBiology
=500  \\$aTitle from resource description page
=520  \\$aThe preparation of high quality yeast cell extracts is a necessary first step in the analysis of individual proteins or entire proteomes.  Here we describe a fast, efficient, and reliable homogenization protocol for budding yeast cells that has been optimized to preserve protein functions, interactions, and post-translational modifications.
=521  \\$aFor undergraduate, graduate, and professional students
=546  \\$aEnglish
=650  \0$aBiology
=856  40$uhttps://www.jove.com/video/50921
=945  \\$aThe Whole World

