=LDR  00994ngm a2200000i 4500
=001  JoVEMedicine50868
=008  161201s2016\\\\xx\\\\\g\\\\\\s\\\\\eng\d
=035  \\$a(OCoLC)733445860
=040  \\$aVaAlASP$cVaAlASP
=100  1\$aVang,Daniel P.
=245  12$aInduction of Invasive Transitional Cell Bladder Carcinoma in Immune Intact Human MUC1 Transgenic Mice:  A Model for Immunotherapy Development$h[electronic resource]
=260  \\$aCambridge, MA$bMyJoVE Corp$c2016
=300  \\$aonline resource (662 seconds)
=490  0\$aMedicine
=500  \\$aTitle from resource description page
=520  \\$aAn N-butyl-N-(4-hydroxybutyl)nitrosamine-induced bladder cancer model was developed in human mucin 1 (MUC1) transgenic mice for the purpose of testing MUC1-directed immunotherapy.  After administering a MUC1-targeted peptide vaccine, a cytotoxic T lymphocyte response to MUC1 was confirmed by measuring serum cytokine levels and T-cell specific activity.
=521  \\$aFor undergraduate, graduate, and professional students
=546  \\$aEnglish
=650  \0$aMedicine
=856  40$uhttps://www.jove.com/video/50868
=945  \\$aThe Whole World

