=LDR  00827ngm a2200000i 4500
=001  JoVEBiology50320
=008  161201s2016\\\\xx\\\\\g\\\\\\s\\\\\eng\d
=035  \\$a(OCoLC)733445860
=040  \\$aVaAlASP$cVaAlASP
=100  1\$aMaity,Ranjan
=245  12$aGST-His purification: A Two-step Affinity Purification Protocol Yielding Full-length Purified Proteins$h[electronic resource]
=260  \\$aCambridge, MA$bMyJoVE Corp$c2016
=300  \\$aonline resource (682 seconds)
=490  0\$aBiology
=500  \\$aTitle from resource description page
=520  \\$aIn the present protocol, we demonstrate a highly efficient and cost-effective small-scale protein purification method, which allows purification of recombinant proteins by uniquely combining a cleavable GST-tag and a small His-tag.
=521  \\$aFor undergraduate, graduate, and professional students
=546  \\$aEnglish
=650  \0$aBiology
=856  40$uhttps://www.jove.com/video/50320
=945  \\$aThe Whole World

