=LDR  00988ngm a2200000i 4500
=001  JoVEBiology50972
=008  161201s2016\\\\xx\\\\\g\\\\\\s\\\\\eng\d
=035  \\$a(OCoLC)733445860
=040  \\$aVaAlASP$cVaAlASP
=100  1\$aXu,Tingting
=245  12$aAutonomously Bioluminescent Mammalian Cells for Continuous and Real-time Monitoring of Cytotoxicity$h[electronic resource]
=260  \\$aCambridge, MA$bMyJoVE Corp$c2016
=300  \\$aonline resource (287 seconds)
=490  0\$aBiology
=500  \\$aTitle from resource description page
=520  \\$aMammalian cells expressing the bacterial bioluminescence gene cassette (lux) produce light autonomously. The resulting bioluminescent dynamics upon chemical exposure have been demonstrated to reflect the treatment effects on cellular growth and metabolism, making these cells an inexpensive, continuous, real-time toxicity screening tool that can easily be adapted for high-throughput automation.
=521  \\$aFor undergraduate, graduate, and professional students
=546  \\$aEnglish
=650  \0$aBiology
=856  40$uhttps://www.jove.com/video/50972
=945  \\$aThe Whole World

