=LDR  01005ngm a2200000i 4500
=001  JoVEMedicine50928
=008  161201s2016\\\\xx\\\\\g\\\\\\s\\\\\eng\d
=035  \\$a(OCoLC)733445860
=040  \\$aVaAlASP$cVaAlASP
=100  1\$aSalvador,Ellaine
=245  12$aStretch in Brain Microvascular Endothelial Cells (cEND) as an In Vitro Traumatic Brain Injury Model of the Blood Brain Barrier$h[electronic resource]
=260  \\$aCambridge, MA$bMyJoVE Corp$c2016
=300  \\$aonline resource (439 seconds)
=490  0\$aMedicine
=500  \\$aTitle from resource description page
=520  \\$aIn vitro traumatic brain injury models are being developed to reproduce in vivo brain deformation. Stretch-induced injury has been employed for astrocytes, neurons, glial cells, aortic, and brain endothelial cells. However, our system uses a blood brain barrier (BBB) model that possesses properties constituting a legitimate model of the BBB to establish an in vitro TBI model.
=521  \\$aFor undergraduate, graduate, and professional students
=546  \\$aEnglish
=650  \0$aMedicine
=856  40$uhttps://www.jove.com/video/50928
=945  \\$aThe Whole World

