=LDR  00827ngm a2200000i 4500
=001  JoVEMedicine50763
=008  161201s2016\\\\xx\\\\\g\\\\\\s\\\\\eng\d
=035  \\$a(OCoLC)733445860
=040  \\$aVaAlASP$cVaAlASP
=100  1\$aGeraldo,Sara
=245  12$aRevealing the Cytoskeletal Organization of Invasive Cancer Cells in 3D$h[electronic resource]
=260  \\$aCambridge, MA$bMyJoVE Corp$c2016
=300  \\$aonline resource (669 seconds)
=490  0\$aMedicine
=500  \\$aTitle from resource description page
=520  \\$aThis article presents a method to fluorescently label collagen that can be further used for both fix and live imaging of 3D cell cultures. We also provide an optimized protocol to visualize endogenous cytoskeletal proteins of cells cultured in 3D environments.
=521  \\$aFor undergraduate, graduate, and professional students
=546  \\$aEnglish
=650  \0$aMedicine
=856  40$uhttps://www.jove.com/video/50763
=945  \\$aThe Whole World

