=LDR  00932ngm a2200000i 4500
=001  JoVEBiology51111
=008  161201s2016\\\\xx\\\\\g\\\\\\s\\\\\eng\d
=035  \\$a(OCoLC)733445860
=040  \\$aVaAlASP$cVaAlASP
=100  1\$aTetyuk,Olena
=245  12$aCollection and Analysis of Arabidopsis Phloem Exudates Using the EDTA-facilitated Method$h[electronic resource]
=260  \\$aCambridge, MA$bMyJoVE Corp$c2016
=300  \\$aonline resource (578 seconds)
=490  0\$aBiology
=500  \\$aTitle from resource description page
=520  \\$aKnowledge of the composition of the phloem sap as well as the mechanism of its loading and long-distance transport is essential for the understanding of long-distance signaling in plant development and stress/pathogen response and of assimilate transport. This manuscript describes the collection of phloem exudates using the EDTA-facilitated method.
=521  \\$aFor undergraduate, graduate, and professional students
=546  \\$aEnglish
=650  \0$aBiology
=856  40$uhttps://www.jove.com/video/51111
=945  \\$aThe Whole World

