=LDR  00852ngm a2200000i 4500
=001  JoVEBiology51203
=008  161201s2016\\\\xx\\\\\g\\\\\\s\\\\\eng\d
=035  \\$a(OCoLC)733445860
=040  \\$aVaAlASP$cVaAlASP
=100  1\$aGardner,Mona
=245  12$aMeasuring the Effects of Bacteria on C. Elegans Behavior Using an Egg Retention Assay$h[electronic resource]
=260  \\$aCambridge, MA$bMyJoVE Corp$c2016
=300  \\$aonline resource (516 seconds)
=490  0\$aBiology
=500  \\$aTitle from resource description page
=520  \\$aAn egg-in-worm (EIW) assay is a useful method to quantify egg-laying behavior. Alterations in egg laying can be a behavioral response of the model organism Caenorhabditis elegans to potentially harmful environmental substances such as those produced by pathogenic bacteria.
=521  \\$aFor undergraduate, graduate, and professional students
=546  \\$aEnglish
=650  \0$aBiology
=856  40$uhttps://www.jove.com/video/51203
=945  \\$aThe Whole World

