=LDR  00874ngm a2200000i 4500
=001  JoVEMedicine50296
=008  161201s2016\\\\xx\\\\\g\\\\\\s\\\\\eng\d
=035  \\$a(OCoLC)733445860
=040  \\$aVaAlASP$cVaAlASP
=100  1\$aBierry,Guillaume
=245  12$aIn vivo Macrophage Imaging Using MR Targeted Contrast Agent for Longitudinal Evaluation of Septic Arthritis$h[electronic resource]
=260  \\$aCambridge, MA$bMyJoVE Corp$c2016
=300  \\$aonline resource (435 seconds)
=490  0\$aMedicine
=500  \\$aTitle from resource description page
=520  \\$aWe demonstrate how to perform macrophage MR imaging using ultrasmall superparamagnetic contrast agent (USPIO) in septic arthritis, allowing an initial and longitudinal in vivo non-invasive evaluation of macrophages infiltration and an assessment of therapy efficacy.
=521  \\$aFor undergraduate, graduate, and professional students
=546  \\$aEnglish
=650  \0$aMedicine
=856  40$uhttps://www.jove.com/video/50296
=945  \\$aThe Whole World

