=LDR  00840ngm a2200000i 4500
=001  JoVEBiology50889
=008  161201s2016\\\\xx\\\\\g\\\\\\s\\\\\eng\d
=035  \\$a(OCoLC)733445860
=040  \\$aVaAlASP$cVaAlASP
=100  1\$aLee,Keng Jin
=245  12$aIsolation of Pulmonary Artery Smooth Muscle Cells from Neonatal Mice$h[electronic resource]
=260  \\$aCambridge, MA$bMyJoVE Corp$c2016
=300  \\$aonline resource (482 seconds)
=490  0\$aBiology
=500  \\$aTitle from resource description page
=520  \\$aWe have developed a novel and reproducible technique to isolate primary cultures of pulmonary artery smooth muscle cells (PASMC) from mice as young as P7, thereby allowing better study of the signaling pathways involved in neonatal smooth muscle cell contraction and relaxation.
=521  \\$aFor undergraduate, graduate, and professional students
=546  \\$aEnglish
=650  \0$aBiology
=856  40$uhttps://www.jove.com/video/50889
=945  \\$aThe Whole World

