=LDR  00965ngm a2200000i 4500
=001  JoVEBiology50644
=008  161201s2016\\\\xx\\\\\g\\\\\\s\\\\\eng\d
=035  \\$a(OCoLC)733445860
=040  \\$aVaAlASP$cVaAlASP
=100  1\$aChitramuthu,Babykumari P.
=245  12$aHigh Resolution Whole Mount In Situ Hybridization within Zebrafish Embryos to Study Gene Expression and Function$h[electronic resource]
=260  \\$aCambridge, MA$bMyJoVE Corp$c2016
=300  \\$aonline resource (606 seconds)
=490  0\$aBiology
=500  \\$aTitle from resource description page
=520  \\$aThe zebrafish, a small tropical fish, has become a popular model for studying gene function during vertebrate development and disease. The temporal and spatial expression of target genes can be determined by in situ hybridization. Our improved protocol allows for the detection of low abundant transcripts with low non-specific background signal.
=521  \\$aFor undergraduate, graduate, and professional students
=546  \\$aEnglish
=650  \0$aBiology
=856  40$uhttps://www.jove.com/video/50644
=945  \\$aThe Whole World

