=LDR  01002ngm a2200000i 4500
=001  JoVEBiology50710
=008  161201s2016\\\\xx\\\\\g\\\\\\s\\\\\eng\d
=035  \\$a(OCoLC)733445860
=040  \\$aVaAlASP$cVaAlASP
=100  1\$aWon,Helen H
=245  12$aDetecting Somatic Genetic Alterations in Tumor Specimens by Exon Capture and Massively Parallel Sequencing$h[electronic resource]
=260  \\$aCambridge, MA$bMyJoVE Corp$c2016
=300  \\$aonline resource (662 seconds)
=490  0\$aBiology
=500  \\$aTitle from resource description page
=520  \\$aWe describe the preparation of barcoded DNA libraries and subsequent hybridization-based exon capture for detection of key cancer-associated mutations in clinical tumor specimens by massively parallel "next generation" sequencing. Targeted exon sequencing offers the benefits of high throughput, low cost, and deep sequence coverage, thus yielding high sensitivity for detecting low frequency mutations.
=521  \\$aFor undergraduate, graduate, and professional students
=546  \\$aEnglish
=650  \0$aBiology
=856  40$uhttps://www.jove.com/video/50710
=945  \\$aThe Whole World

