=LDR  00997ngm a2200000i 4500
=001  JoVEMedicine51079
=008  161201s2016\\\\xx\\\\\g\\\\\\s\\\\\eng\d
=035  \\$a(OCoLC)733445860
=040  \\$aVaAlASP$cVaAlASP
=100  1\$aMcCarren,Hilary S.
=245  12$aAssessing Changes in Volatile General Anesthetic Sensitivity of Mice after Local or Systemic Pharmacological Intervention$h[electronic resource]
=260  \\$aCambridge, MA$bMyJoVE Corp$c2016
=300  \\$aonline resource (529 seconds)
=490  0\$aMedicine
=500  \\$aTitle from resource description page
=520  \\$aLoss of the righting reflex has long served as a standard behavioral surrogate for unconsciousness, also called hypnosis, in laboratory animals.  Alterations in volatile anesthetic sensitivity caused by pharmacological interventions can be detected with a carefully controlled high-throughput assessment system, which may be adapted for delivery of any inhaled therapeutic.
=521  \\$aFor undergraduate, graduate, and professional students
=546  \\$aEnglish
=650  \0$aMedicine
=856  40$uhttps://www.jove.com/video/51079
=945  \\$aThe Whole World

