=LDR  01029ngm a2200000i 4500
=001  JoVEMedicine50843
=008  161201s2016\\\\xx\\\\\g\\\\\\s\\\\\eng\d
=035  \\$a(OCoLC)733445860
=040  \\$aVaAlASP$cVaAlASP
=100  1\$aKodani,Tomohiro
=245  12$aFlexible Colonoscopy in Mice to Evaluate the Severity of Colitis and Colorectal Tumors Using a Validated Endoscopic Scoring System$h[electronic resource]
=260  \\$aCambridge, MA$bMyJoVE Corp$c2016
=300  \\$aonline resource (949 seconds)
=490  0\$aMedicine
=500  \\$aTitle from resource description page
=520  \\$aOver the past few years, new generation endoscopes have emerged as important diagnostic research aids for evaluating murine colitis and colorectal tumors. We present herein a detailed protocol for endoscopic assessment of inflammation and colorectal tumors in mice, as well as a novel scoring system that uses decimal identifiers to document the endoscopic severity of colitis and colorectal tumors.
=521  \\$aFor undergraduate, graduate, and professional students
=546  \\$aEnglish
=650  \0$aMedicine
=856  40$uhttps://www.jove.com/video/50843
=945  \\$aThe Whole World

