=LDR  00932ngm a2200000i 4500
=001  JoVEMedicine50768
=008  161201s2016\\\\xx\\\\\g\\\\\\s\\\\\eng\d
=035  \\$a(OCoLC)733445860
=040  \\$aVaAlASP$cVaAlASP
=100  1\$aAkoume,Marie-Yvonne
=245  12$aCell-based Assay Protocol for the Prognostic Prediction of Idiopathic Scoliosis Using Cellular Dielectric Spectroscopy$h[electronic resource]
=260  \\$aCambridge, MA$bMyJoVE Corp$c2016
=300  \\$aonline resource (488 seconds)
=490  0\$aMedicine
=500  \\$aTitle from resource description page
=520  \\$aA structured protocol is presented for a cell-based assay as a functional test to predict the prognosis of idiopathic scoliosis using cellular dielectric spectroscopy (CDS). The assay can be performed with fresh or frozen peripheral blood mononuclear cells (PBMCs) and the procedure is completed within 4 days.
=521  \\$aFor undergraduate, graduate, and professional students
=546  \\$aEnglish
=650  \0$aMedicine
=856  40$uhttps://www.jove.com/video/50768
=945  \\$aThe Whole World

