=LDR  00693ngm a2200000i 4500
=001  JoVEBiology50664
=008  161201s2016\\\\xx\\\\\g\\\\\\s\\\\\eng\d
=035  \\$a(OCoLC)733445860
=040  \\$aVaAlASP$cVaAlASP
=100  1\$aDuerr,Janet S.
=245  12$aAntibody Staining in C. Elegans Using "Freeze-Cracking"$h[electronic resource]
=260  \\$aCambridge, MA$bMyJoVE Corp$c2016
=300  \\$aonline resource (790 seconds)
=490  0\$aBiology
=500  \\$aTitle from resource description page
=520  \\$a"Freeze-cracking," a method for exposing the inner tissues of the nematode C. elegans to antibodies for protein localization, is demonstrated.
=521  \\$aFor undergraduate, graduate, and professional students
=546  \\$aEnglish
=650  \0$aBiology
=856  40$uhttps://www.jove.com/video/50664
=945  \\$aThe Whole World

