=LDR  00858ngm a2200000i 4500
=001  JoVEBiology50168
=008  161201s2016\\\\xx\\\\\g\\\\\\s\\\\\eng\d
=035  \\$a(OCoLC)733445860
=040  \\$aVaAlASP$cVaAlASP
=100  1\$aZiv,Naomi
=245  12$aThe Use of Chemostats in Microbial Systems Biology$h[electronic resource]
=260  \\$aCambridge, MA$bMyJoVE Corp$c2016
=300  \\$aonline resource (799 seconds)
=490  0\$aBiology
=500  \\$aTitle from resource description page
=520  \\$aCell growth rate is a regulated process and a primary determinant of cell physiology. Continuous culturing using chemostats enables extrinsic control of cell growth rate by nutrient limitation facilitating the study of molecular networks that control cell growth and how those networks evolve to optimize cell growth.
=521  \\$aFor undergraduate, graduate, and professional students
=546  \\$aEnglish
=650  \0$aBiology
=856  40$uhttps://www.jove.com/video/50168
=945  \\$aThe Whole World

