=LDR  01001ngm a2200000i 4500
=001  JoVEMedicine50475
=008  161201s2016\\\\xx\\\\\g\\\\\\s\\\\\eng\d
=035  \\$a(OCoLC)733445860
=040  \\$aVaAlASP$cVaAlASP
=100  1\$aIbrahim,Zuhaib
=245  12$aA Modified Heterotopic Swine Hind Limb Transplant Model for Translational Vascularized Composite Allotransplantation (VCA) Research$h[electronic resource]
=260  \\$aCambridge, MA$bMyJoVE Corp$c2016
=300  \\$aonline resource (549 seconds)
=490  0\$aMedicine
=500  \\$aTitle from resource description page
=520  \\$aVascularized Composite Allotransplantations (VCA) have become a clinical reality. However, broad clinical application of VCA is limited by chronic multi-drug immunosuppression. The authors present a reliable and reproducible large animal model to translate novel immunomodulatory strategies that can minimize or potentially eliminate the need of immunosuppression in VCA.
=521  \\$aFor undergraduate, graduate, and professional students
=546  \\$aEnglish
=650  \0$aMedicine
=856  40$uhttps://www.jove.com/video/50475
=945  \\$aThe Whole World

