=LDR  00902ngm a2200000i 4500
=001  JoVEBiology50611
=008  161201s2016\\\\xx\\\\\g\\\\\\s\\\\\eng\d
=035  \\$a(OCoLC)733445860
=040  \\$aVaAlASP$cVaAlASP
=100  1\$aKhalil,Hassan
=245  12$aIsolation of Primary Myofibroblasts from Mouse and Human Colon Tissue$h[electronic resource]
=260  \\$aCambridge, MA$bMyJoVE Corp$c2016
=300  \\$aonline resource (419 seconds)
=490  0\$aBiology
=500  \\$aTitle from resource description page
=520  \\$aThe myofibroblast is an influential stromal cell of the gastrointestinal tract that regulates important physiologic processes in both normal and disease states. We describe a technique that allows for the isolation of primary myofibroblasts from both mouse and human colon tissue, which can be utilized for in vitro experimentation.      
=521  \\$aFor undergraduate, graduate, and professional students
=546  \\$aEnglish
=650  \0$aBiology
=856  40$uhttps://www.jove.com/video/50611
=945  \\$aThe Whole World

