=LDR  00939ngm a2200000i 4500
=001  JoVEMedicine50881
=008  161201s2016\\\\xx\\\\\g\\\\\\s\\\\\eng\d
=035  \\$a(OCoLC)733445860
=040  \\$aVaAlASP$cVaAlASP
=100  1\$aChuang,Han-Ning
=245  12$aCoculture System with an Organotypic Brain Slice and 3D Spheroid of Carcinoma Cells$h[electronic resource]
=260  \\$aCambridge, MA$bMyJoVE Corp$c2016
=300  \\$aonline resource (468 seconds)
=490  0\$aMedicine
=500  \\$aTitle from resource description page
=520  \\$aThe organotypic brain slice coculture with carcinoma cells enables visualizing morphological changes by fluorescence as well as bright field (video) microscopy during the process of carcinoma cell invasion of brain tissue. This model system also allows for cell exchange and replenishment approaches and offers a wide variety of manipulations and analyses.
=521  \\$aFor undergraduate, graduate, and professional students
=546  \\$aEnglish
=650  \0$aMedicine
=856  40$uhttps://www.jove.com/video/50881
=945  \\$aThe Whole World

