=LDR  00692ngm a2200000i 4500
=001  JoVEBiology50648
=008  161201s2016\\\\xx\\\\\g\\\\\\s\\\\\eng\d
=035  \\$a(OCoLC)733445860
=040  \\$aVaAlASP$cVaAlASP
=100  1\$aBryant,Jessica M
=245  12$aSeparation of Spermatogenic Cell Types Using STA-PUT Velocity Sedimentation$h[electronic resource]
=260  \\$aCambridge, MA$bMyJoVE Corp$c2016
=300  \\$aonline resource (588 seconds)
=490  0\$aBiology
=500  \\$aTitle from resource description page
=520  \\$aThe STA-PUT method allows for the separation of different populations of spermatogenic cells based on size and density.
=521  \\$aFor undergraduate, graduate, and professional students
=546  \\$aEnglish
=650  \0$aBiology
=856  40$uhttps://www.jove.com/video/50648
=945  \\$aThe Whole World

