=LDR  00964ngm a2200000i 4500
=001  JoVEBiology50684
=008  161201s2016\\\\xx\\\\\g\\\\\\s\\\\\eng\d
=035  \\$a(OCoLC)733445860
=040  \\$aVaAlASP$cVaAlASP
=100  1\$aGonzales,Miguel F.
=245  12$aRapid Protocol for Preparation of Electrocompetent Escherichia coli and Vibrio cholerae$h[electronic resource]
=260  \\$aCambridge, MA$bMyJoVE Corp$c2016
=300  \\$aonline resource (430 seconds)
=490  0\$aBiology
=500  \\$aTitle from resource description page
=520  \\$aElectroporation is a commonly employed method for introducing DNA into bacteria in a process known as transformation. Traditional protocols for the preparation of electrocompetent cells are time consuming and labor intensive. This article describes an alternate, rapid, and efficient method for the preparation of electrocompetent cells presently employed by some laboratories.
=521  \\$aFor undergraduate, graduate, and professional students
=546  \\$aEnglish
=650  \0$aBiology
=856  40$uhttps://www.jove.com/video/50684
=945  \\$aThe Whole World

