=LDR  00950ngm a2200000i 4500
=001  JoVEBiology50646
=008  161201s2016\\\\xx\\\\\g\\\\\\s\\\\\eng\d
=035  \\$a(OCoLC)733445860
=040  \\$aVaAlASP$cVaAlASP
=100  1\$aMüller,Loretta
=245  12$aCulturing of Human Nasal Epithelial Cells at the Air Liquid Interface$h[electronic resource]
=260  \\$aCambridge, MA$bMyJoVE Corp$c2016
=300  \\$aonline resource (638 seconds)
=490  0\$aBiology
=500  \\$aTitle from resource description page
=520  \\$aNasal epithelial cells, obtained through superficial scrape biopsy of human volunteers, are expanded and transferred onto tissue culture inserts. Upon reaching confluency, cells are grown at air liquid interface, yielding cultures of ciliated and non-ciliated cells. Differentiated nasal epithelial cell cultures provide viable experimental models for studying the respiratory mucosa.
=521  \\$aFor undergraduate, graduate, and professional students
=546  \\$aEnglish
=650  \0$aBiology
=856  40$uhttps://www.jove.com/video/50646
=945  \\$aThe Whole World

