=LDR  00776ngm a2200000i 4500
=001  JoVEMedicine50556
=008  161201s2016\\\\xx\\\\\g\\\\\\s\\\\\eng\d
=035  \\$a(OCoLC)733445860
=040  \\$aVaAlASP$cVaAlASP
=100  1\$aKamran,Paniz
=245  12$aParabiosis in Mice: A Detailed Protocol$h[electronic resource]
=260  \\$aCambridge, MA$bMyJoVE Corp$c2016
=300  \\$aonline resource (476 seconds)
=490  0\$aMedicine
=500  \\$aTitle from resource description page
=520  \\$aParabiotic joining of two organisms leads to the development of a shared circulatory system. In this protocol, we describe the surgical steps to form a parabiotic connection between a wild-type mouse and a constitutive GFP-expressing mouse.
=521  \\$aFor undergraduate, graduate, and professional students
=546  \\$aEnglish
=650  \0$aMedicine
=856  40$uhttps://www.jove.com/video/50556
=945  \\$aThe Whole World

