=LDR  00923ngm a2200000i 4500
=001  JoVEBiology50692
=008  161201s2016\\\\xx\\\\\g\\\\\\s\\\\\eng\d
=035  \\$a(OCoLC)733445860
=040  \\$aVaAlASP$cVaAlASP
=100  1\$aKrause,Silva
=245  12$aIntraductal Injection for Localized Drug Delivery to the Mouse Mammary Gland$h[electronic resource]
=260  \\$aCambridge, MA$bMyJoVE Corp$c2016
=300  \\$aonline resource (399 seconds)
=490  0\$aBiology
=500  \\$aTitle from resource description page
=520  \\$aA protocol for the non-invasive intraductal delivery of aqueous reagents to the mouse mammary gland is described. The method takes advantage of localized injection into the nipples of mammary glands targeting mammary ducts specifically. This technique is adaptable for a variety of compounds including siRNA, chemotherapeutic agents and small molecules.
=521  \\$aFor undergraduate, graduate, and professional students
=546  \\$aEnglish
=650  \0$aBiology
=856  40$uhttps://www.jove.com/video/50692
=945  \\$aThe Whole World

