=LDR  00791ngm a2200000i 4500
=001  JoVEBiology50637
=008  161201s2016\\\\xx\\\\\g\\\\\\s\\\\\eng\d
=035  \\$a(OCoLC)733445860
=040  \\$aVaAlASP$cVaAlASP
=100  1\$aPelet,Serge
=245  12$aTemporal Quantification of MAPK Induced Expression in Single Yeast Cells$h[electronic resource]
=260  \\$aCambridge, MA$bMyJoVE Corp$c2016
=300  \\$aonline resource (479 seconds)
=490  0\$aBiology
=500  \\$aTitle from resource description page
=520  \\$aTwo complementary methods based on flow cytometry and microscopy are presented which enable the quantification, at the single cell level, of the dynamics of gene expression induced by the activation of a MAPK pathway in yeast.
=521  \\$aFor undergraduate, graduate, and professional students
=546  \\$aEnglish
=650  \0$aBiology
=856  40$uhttps://www.jove.com/video/50637
=945  \\$aThe Whole World

