=LDR  00982ngm a2200000i 4500
=001  JoVEBiology50525
=008  161201s2016\\\\xx\\\\\g\\\\\\s\\\\\eng\d
=035  \\$a(OCoLC)733445860
=040  \\$aVaAlASP$cVaAlASP
=100  1\$aGfrerer,Lisa
=245  12$aVisualization of Craniofacial Development in the sox10: kaede Transgenic Zebrafish Line Using Time-lapse Confocal Microscopy$h[electronic resource]
=260  \\$aCambridge, MA$bMyJoVE Corp$c2016
=300  \\$aonline resource (395 seconds)
=490  0\$aBiology
=500  \\$aTitle from resource description page
=520  \\$aVisualization of experimental data has become a key element in presenting results to the scientific community. Generation of live time-lapse recording of growing embryos contributes to better presentation and understanding of complex developmental processes. This protocol is a step-by-step guide to cell labeling via photoconversion of kaede protein in zebrafish.
=521  \\$aFor undergraduate, graduate, and professional students
=546  \\$aEnglish
=650  \0$aBiology
=856  40$uhttps://www.jove.com/video/50525
=945  \\$aThe Whole World

