=LDR  00929ngm a2200000i 4500
=001  JoVEBiology50113
=008  161201s2016\\\\xx\\\\\g\\\\\\s\\\\\eng\d
=035  \\$a(OCoLC)733445860
=040  \\$aVaAlASP$cVaAlASP
=100  1\$aBalciuniene,Jorune
=245  12$aGene Trapping Using Gal4 in Zebrafish$h[electronic resource]
=260  \\$aCambridge, MA$bMyJoVE Corp$c2016
=300  \\$aonline resource (814 seconds)
=490  0\$aBiology
=500  \\$aTitle from resource description page
=520  \\$aThis protocol describes the method of gene trap insertional mutagenesis using Gal4-VP16 as the primary reporter and GFP/RFP as secondary reporters in zebrafish. Approximately one in ten high-expressing F0 fish yield gene trap progeny co-expressing GFP and RFP. The screening procedure can be readily scaled to adapt to the size of the laboratory performing the insertional mutagenesis screen.
=521  \\$aFor undergraduate, graduate, and professional students
=546  \\$aEnglish
=650  \0$aBiology
=856  40$uhttps://www.jove.com/video/50113
=945  \\$aThe Whole World

