=LDR  00959ngm a2200000i 4500
=001  JoVEBiology50535
=008  161201s2016\\\\xx\\\\\g\\\\\\s\\\\\eng\d
=035  \\$a(OCoLC)733445860
=040  \\$aVaAlASP$cVaAlASP
=100  1\$aSzymanski,Witold G.
=245  12$aMetabolic Labeling and Membrane Fractionation for Comparative Proteomic Analysis of Arabidopsis thaliana Suspension Cell Cultures$h[electronic resource]
=260  \\$aCambridge, MA$bMyJoVE Corp$c2016
=300  \\$aonline resource (704 seconds)
=490  0\$aBiology
=500  \\$aTitle from resource description page
=520  \\$aHere we describe a robust method for the fractionation of plant plasma membranes into detergent resistant and detergent soluble membranes based on a mixture of unlabeled and in vivo fully 15N labeled Arabidopsis thaliana cell cultures. The procedure is applied for comparative proteomic studies to understand signaling processes.
=521  \\$aFor undergraduate, graduate, and professional students
=546  \\$aEnglish
=650  \0$aBiology
=856  40$uhttps://www.jove.com/video/50535
=945  \\$aThe Whole World

