=LDR  00840ngm a2200000i 4500
=001  JoVEBiology50585
=008  161201s2016\\\\xx\\\\\g\\\\\\s\\\\\eng\d
=035  \\$a(OCoLC)733445860
=040  \\$aVaAlASP$cVaAlASP
=100  1\$aZhu,Min
=245  12$aManual Isolation of Adipose-derived Stem Cells from Human Lipoaspirates$h[electronic resource]
=260  \\$aCambridge, MA$bMyJoVE Corp$c2016
=300  \\$aonline resource (443 seconds)
=490  0\$aBiology
=500  \\$aTitle from resource description page
=520  \\$aIn 2001, researchers at UCLA described the isolation of a population of adult stem cells, termed Adipose-derived Stem Cells or ASCs, from adipose tissue. This article outlines the isolation of ASCs from lipoaspirates using a manual, enzymatic digestion protocol using collagenase.
=521  \\$aFor undergraduate, graduate, and professional students
=546  \\$aEnglish
=650  \0$aBiology
=856  40$uhttps://www.jove.com/video/50585
=945  \\$aThe Whole World

