=LDR  00949ngm a2200000i 4500
=001  JoVEBiology50693
=008  161201s2016\\\\xx\\\\\g\\\\\\s\\\\\eng\d
=035  \\$a(OCoLC)733445860
=040  \\$aVaAlASP$cVaAlASP
=100  1\$aMaher,Kathryn N.
=245  12$aLarge-scale Gene Knockdown in C. elegans Using dsRNA Feeding Libraries to Generate Robust Loss-of-function Phenotypes$h[electronic resource]
=260  \\$aCambridge, MA$bMyJoVE Corp$c2016
=300  \\$aonline resource (1118 seconds)
=490  0\$aBiology
=500  \\$aTitle from resource description page
=520  \\$aWhile dsRNA feeding in C. elegans is a powerful tool to assess gene function, current protocols for large scale feeding screens result in variable knockdown efficiencies. We describe an improved protocol for performing large scale RNAi feeding screens that results in highly efficacious and reproducible knockdown of gene expression.
=521  \\$aFor undergraduate, graduate, and professional students
=546  \\$aEnglish
=650  \0$aBiology
=856  40$uhttps://www.jove.com/video/50693
=945  \\$aThe Whole World

