=LDR  00984ngm a2200000i 4500
=001  JoVEMedicine50544
=008  161201s2016\\\\xx\\\\\g\\\\\\s\\\\\eng\d
=035  \\$a(OCoLC)733445860
=040  \\$aVaAlASP$cVaAlASP
=100  1\$aAhmed,Sharif U.
=245  12$aGeneration of Subcutaneous and Intrahepatic Human Hepatocellular Carcinoma Xenografts in Immunodeficient Mice$h[electronic resource]
=260  \\$aCambridge, MA$bMyJoVE Corp$c2016
=300  \\$aonline resource (635 seconds)
=490  0\$aMedicine
=500  \\$aTitle from resource description page
=520  \\$aHuman tumor xenografts in immunodeficient mice are valuable tools to study cancer biology.  Specific protocols to generate subcutaneous and intrahepatic xenografts from human hepatocellular carcinoma cells or tumor fragments are described.  Liver regeneration induced by partial hepatectomy in recipient mice is presented as a strategy to facilitate intrahepatic engraftment.
=521  \\$aFor undergraduate, graduate, and professional students
=546  \\$aEnglish
=650  \0$aMedicine
=856  40$uhttps://www.jove.com/video/50544
=945  \\$aThe Whole World

