=LDR  00928ngm a2200000i 4500
=001  JoVEBiology50289
=008  161201s2016\\\\xx\\\\\g\\\\\\s\\\\\eng\d
=035  \\$a(OCoLC)733445860
=040  \\$aVaAlASP$cVaAlASP
=100  1\$aGraham,Evan  Lee
=245  12$aIsolation, Culture, and Functional Characterization of Adult Mouse Cardiomyoctyes$h[electronic resource]
=260  \\$aCambridge, MA$bMyJoVE Corp$c2016
=300  \\$aonline resource (769 seconds)
=490  0\$aBiology
=500  \\$aTitle from resource description page
=520  \\$aHere we describe the isolation of adult mouse cardiomyoctyes using a Langendorff perfusion system.  The resulting cells are Ca2+-tolerant, electrically quiescent and can be cultured and transfected with adeno- or lentiviruses to manipulate gene expression.  Their functionality can also be analyzed using the MMSYS system and patch clamp techniques.
=521  \\$aFor undergraduate, graduate, and professional students
=546  \\$aEnglish
=650  \0$aBiology
=856  40$uhttps://www.jove.com/video/50289
=945  \\$aThe Whole World

