=LDR  01021ngm a2200000i 4500
=001  JoVEMedicine50385
=008  161201s2016\\\\xx\\\\\g\\\\\\s\\\\\eng\d
=035  \\$a(OCoLC)733445860
=040  \\$aVaAlASP$cVaAlASP
=100  1\$aSpaeth,Erika L.
=245  12$aQuantitative Multispectral Analysis Following Fluorescent Tissue Transplant for Visualization of Cell Origins, Types, and Interactions$h[electronic resource]
=260  \\$aCambridge, MA$bMyJoVE Corp$c2016
=300  \\$aonline resource (687 seconds)
=490  0\$aMedicine
=500  \\$aTitle from resource description page
=520  \\$aComplex tissue masses, from organs to tumors, are composed of various cellular elements. We elucidated the contribution of cellular phenotypes within a tissue utilizing multi-labeled fluorescent transgenic mice in combination with multiparameter immunofluorescent staining followed by spectral unmixing to decipher cell origin as well as cell characteristics based on protein expression.
=521  \\$aFor undergraduate, graduate, and professional students
=546  \\$aEnglish
=650  \0$aMedicine
=856  40$uhttps://www.jove.com/video/50385
=945  \\$aThe Whole World

