=LDR  00950ngm a2200000i 4500
=001  JoVEBiology50649
=008  161201s2016\\\\xx\\\\\g\\\\\\s\\\\\eng\d
=035  \\$a(OCoLC)733445860
=040  \\$aVaAlASP$cVaAlASP
=100  1\$aSangaletti,Rachele
=245  12$aA Method for Culturing Embryonic C. elegans Cells$h[electronic resource]
=260  \\$aCambridge, MA$bMyJoVE Corp$c2016
=300  \\$aonline resource (550 seconds)
=490  0\$aBiology
=500  \\$aTitle from resource description page
=520  \\$aWe describe here a revised protocol for large-scale culture of embryonic C. elegans cells. Embryonic C. elegans cells cultured in vitro using this method, appear to differentiate and recapitulate the expression of genes in a cell specific manner. Techniques that require direct access to the cells or isolation of specific cell types from the other tissues can be applied on C. elegans cultured cells.
=521  \\$aFor undergraduate, graduate, and professional students
=546  \\$aEnglish
=650  \0$aBiology
=856  40$uhttps://www.jove.com/video/50649
=945  \\$aThe Whole World

