=LDR  00756ngm a2200000i 4500
=001  JoVEBiology50938
=008  161201s2016\\\\xx\\\\\g\\\\\\s\\\\\eng\d
=035  \\$a(OCoLC)733445860
=040  \\$aVaAlASP$cVaAlASP
=100  1\$aBasiri,Marcus L.
=245  12$aImaging Centrosomes in Fly Testes$h[electronic resource]
=260  \\$aCambridge, MA$bMyJoVE Corp$c2016
=300  \\$aonline resource (581 seconds)
=490  0\$aBiology
=500  \\$aTitle from resource description page
=520  \\$aImaging of centrosomal proteins during Drosophila spermatogenesis is a powerful method to identify new proteins critical for centrosome biology as well as to elucidate the particular function of known players in this process.
=521  \\$aFor undergraduate, graduate, and professional students
=546  \\$aEnglish
=650  \0$aBiology
=856  40$uhttps://www.jove.com/video/50938
=945  \\$aThe Whole World

