=LDR  00905ngm a2200000i 4500
=001  JoVEBiology50610
=008  161201s2016\\\\xx\\\\\g\\\\\\s\\\\\eng\d
=035  \\$a(OCoLC)733445860
=040  \\$aVaAlASP$cVaAlASP
=100  1\$aDourlen,Pierre
=245  12$aThe Tomato/GFP-FLP/FRT Method for Live Imaging of Mosaic Adult Drosophila Photoreceptor Cells$h[electronic resource]
=260  \\$aCambridge, MA$bMyJoVE Corp$c2016
=300  \\$aonline resource (573 seconds)
=490  0\$aBiology
=500  \\$aTitle from resource description page
=520  \\$aThe Tomato/GFP-FLP/FRT method involves visualizing mosaic photoreceptor cells in living Drosophila. It can be used to follow individual photoreceptor cell fates in the retina for days or weeks. This method is ideal for studies of retinal degeneration and neurodegenerative diseases or photoreceptor cell development.
=521  \\$aFor undergraduate, graduate, and professional students
=546  \\$aEnglish
=650  \0$aBiology
=856  40$uhttps://www.jove.com/video/50610
=945  \\$aThe Whole World

