=LDR  00881ngm a2200000i 4500
=001  JoVEMedicine50873
=008  161201s2016\\\\xx\\\\\g\\\\\\s\\\\\eng\d
=035  \\$a(OCoLC)733445860
=040  \\$aVaAlASP$cVaAlASP
=100  1\$aPavese,Janet
=245  12$aAn Orthotopic Murine Model of Human Prostate Cancer Metastasis$h[electronic resource]
=260  \\$aCambridge, MA$bMyJoVE Corp$c2016
=300  \\$aonline resource (408 seconds)
=490  0\$aMedicine
=500  \\$aTitle from resource description page
=520  \\$aThis orthotopic model of human prostate cancer allows for quantification of tumor size, circulating tumor cells, and formation of distinct metastasis to the lung. As cells must escape the primary organ, enter the blood stream, and implant into a secondary site, this model effectively recapitulates the scenario in humans.
=521  \\$aFor undergraduate, graduate, and professional students
=546  \\$aEnglish
=650  \0$aMedicine
=856  40$uhttps://www.jove.com/video/50873
=945  \\$aThe Whole World

