=LDR  00863ngm a2200000i 4500
=001  JoVEMedicine50720
=008  161201s2016\\\\xx\\\\\g\\\\\\s\\\\\eng\d
=035  \\$a(OCoLC)733445860
=040  \\$aVaAlASP$cVaAlASP
=100  1\$aChristoph,Sandra
=245  12$aPre-clinical Evaluation of Tyrosine Kinase Inhibitors for Treatment of Acute Leukemia$h[electronic resource]
=260  \\$aCambridge, MA$bMyJoVE Corp$c2016
=300  \\$aonline resource (649 seconds)
=490  0\$aMedicine
=500  \\$aTitle from resource description page
=520  \\$aReceptor tyrosine kinases are ectopically expressed in many cancers and have been identified as therapeutic targets in acute leukemia. This manuscript describes an efficient strategy for pre-clinical evaluation of tyrosine kinase inhibitors for the treatment of acute leukemia.
=521  \\$aFor undergraduate, graduate, and professional students
=546  \\$aEnglish
=650  \0$aMedicine
=856  40$uhttps://www.jove.com/video/50720
=945  \\$aThe Whole World

