=LDR  00914ngm a2200000i 4500
=001  JoVEBiology50523
=008  161201s2016\\\\xx\\\\\g\\\\\\s\\\\\eng\d
=035  \\$a(OCoLC)733445860
=040  \\$aVaAlASP$cVaAlASP
=100  1\$aTaymans,Jean-Marc
=245  12$aMetabolic Labeling of Leucine Rich Repeat Kinases 1 and 2 with Radioactive Phosphate$h[electronic resource]
=260  \\$aCambridge, MA$bMyJoVE Corp$c2016
=300  \\$aonline resource (691 seconds)
=490  0\$aBiology
=500  \\$aTitle from resource description page
=520  \\$aLeucine rich repeat kinases 1 and 2 (LRRK1 and LRRK2) are multidomain proteins which encode both GTPase and kinase domains and which are phosphorylated in cells. Here, we present a protocol to label LRRK1 and LRRK2 in cells with 32P orthophosphate, thereby providing a means to measure their overall cellular phophorylation levels.
=521  \\$aFor undergraduate, graduate, and professional students
=546  \\$aEnglish
=650  \0$aBiology
=856  40$uhttps://www.jove.com/video/50523
=945  \\$aThe Whole World

