=LDR  00931ngm a2200000i 4500
=001  JoVEMedicine50595
=008  161201s2016\\\\xx\\\\\g\\\\\\s\\\\\eng\d
=035  \\$a(OCoLC)733445860
=040  \\$aVaAlASP$cVaAlASP
=100  1\$aEranki,Avinash
=245  12$aA Novel Application of Musculoskeletal Ultrasound Imaging$h[electronic resource]
=260  \\$aCambridge, MA$bMyJoVE Corp$c2016
=300  \\$aonline resource (653 seconds)
=490  0\$aMedicine
=500  \\$aTitle from resource description page
=520  \\$aWe describe a new ultrasound-based vector tissue Doppler imaging technique to measure muscle contraction velocity, strain and strain rate with sub-millisecond temporal resolution during dynamic activities. This approach provides complementary measurements of dynamic muscle function and could lead to a better understanding of mechanisms underlying musculoskeletal disorders.
=521  \\$aFor undergraduate, graduate, and professional students
=546  \\$aEnglish
=650  \0$aMedicine
=856  40$uhttps://www.jove.com/video/50595
=945  \\$aThe Whole World

