=LDR  00911ngm a2200000i 4500
=001  JoVEBiology50762
=008  161201s2016\\\\xx\\\\\g\\\\\\s\\\\\eng\d
=035  \\$a(OCoLC)733445860
=040  \\$aVaAlASP$cVaAlASP
=100  1\$aSun,Zachary Z.
=245  12$aProtocols for Implementing an Escherichia coli Based TX-TL Cell-Free Expression System for Synthetic Biology$h[electronic resource]
=260  \\$aCambridge, MA$bMyJoVE Corp$c2016
=300  \\$aonline resource (971 seconds)
=490  0\$aBiology
=500  \\$aTitle from resource description page
=520  \\$aThis five-day protocol outlines all steps, equipment, and supplemental software necessary for creating and running an efficient endogenous Escherichia coli based TX-TL cell-free expression system from scratch. With reagents, the protocol takes 8 hours or less to setup a reaction, collect, and process data.
=521  \\$aFor undergraduate, graduate, and professional students
=546  \\$aEnglish
=650  \0$aBiology
=856  40$uhttps://www.jove.com/video/50762
=945  \\$aThe Whole World

