=LDR  00972ngm a2200000i 4500
=001  JoVEBiology50588
=008  161201s2016\\\\xx\\\\\g\\\\\\s\\\\\eng\d
=035  \\$a(OCoLC)733445860
=040  \\$aVaAlASP$cVaAlASP
=100  1\$aNaganathan,Saranga
=245  12$aGenetically-encoded Molecular Probes to Study G Protein-coupled Receptors$h[electronic resource]
=260  \\$aCambridge, MA$bMyJoVE Corp$c2016
=300  \\$aonline resource (976 seconds)
=490  0\$aBiology
=500  \\$aTitle from resource description page
=520  \\$aWe genetically-encode the unnatural amino acid, p-azido-L-phenylalanine at various targeted positions in GPCRs and show the versatility of the azido group in different applications. These include a targeted photocrosslinking technology to identify residues in the ligand-binding pocket of a GPCR, and site-specific bioorthogonal modification of GPCRs with a peptide-epitope tag or fluorescent probe.
=521  \\$aFor undergraduate, graduate, and professional students
=546  \\$aEnglish
=650  \0$aBiology
=856  40$uhttps://www.jove.com/video/50588
=945  \\$aThe Whole World

