=LDR  00901ngm a2200000i 4500
=001  JoVEMedicine50660
=008  161201s2016\\\\xx\\\\\g\\\\\\s\\\\\eng\d
=035  \\$a(OCoLC)733445860
=040  \\$aVaAlASP$cVaAlASP
=100  1\$aMatsumoto,Hidetaka
=245  12$aRetinal Detachment Model in Rodents by Subretinal Injection of Sodium Hyaluronate$h[electronic resource]
=260  \\$aCambridge, MA$bMyJoVE Corp$c2016
=300  \\$aonline resource (358 seconds)
=490  0\$aMedicine
=500  \\$aTitle from resource description page
=520  \\$aCreating experimental retinal detachments with a reproducible and sustained height of detachment, and without subretinal hemorrhage, is important for studying the pathophysiology of photoreceptor cell loss in retinal disease and evaluating potential therapeutic interventions. Here, we report such a method in detail.
=521  \\$aFor undergraduate, graduate, and professional students
=546  \\$aEnglish
=650  \0$aMedicine
=856  40$uhttps://www.jove.com/video/50660
=945  \\$aThe Whole World

