=LDR  00928ngm a2200000i 4500
=001  JoVEMedicine50624
=008  161201s2016\\\\xx\\\\\g\\\\\\s\\\\\eng\d
=035  \\$a(OCoLC)733445860
=040  \\$aVaAlASP$cVaAlASP
=100  1\$aSrivastava,Ajay
=245  12$aA Protocol for Genetic Induction and Visualization of Benign and Invasive Tumors in Cephalic Complexes of Drosophila melanogaster$h[electronic resource]
=260  \\$aCambridge, MA$bMyJoVE Corp$c2016
=300  \\$aonline resource (443 seconds)
=490  0\$aMedicine
=500  \\$aTitle from resource description page
=520  \\$aCooperation between an activated oncogene like RASV12 and mutations in cell polarity genes like scribbled, result in tumor growth in Drosophila where tumor cells also display invasive behaviors. Here a simple protocol for the induction and observation of the benign and invasive tumors is presented.
=521  \\$aFor undergraduate, graduate, and professional students
=546  \\$aEnglish
=650  \0$aMedicine
=856  40$uhttps://www.jove.com/video/50624
=945  \\$aThe Whole World

