=LDR  00896ngm a2200000i 4500
=001  JoVEMedicine50347
=008  161201s2016\\\\xx\\\\\g\\\\\\s\\\\\eng\d
=035  \\$a(OCoLC)733445860
=040  \\$aVaAlASP$cVaAlASP
=100  1\$aFitoussi,Victor
=245  12$aIn vivo Imaging of Tumor Angiogenesis using Fluorescence Confocal Videomicroscopy$h[electronic resource]
=260  \\$aCambridge, MA$bMyJoVE Corp$c2016
=300  \\$aonline resource (308 seconds)
=490  0\$aMedicine
=500  \\$aTitle from resource description page
=520  \\$aIn this paper, we present a method to analyze tumor microvessels in vivo using dynamic contrast-enhanced fluorescence videomicroscopy. Two quantitative parameters were acquired: functional capillary density reflecting the vascularity of the tumor, and index leakage reflecting the leakiness of the endothelial wall.
=521  \\$aFor undergraduate, graduate, and professional students
=546  \\$aEnglish
=650  \0$aMedicine
=856  40$uhttps://www.jove.com/video/50347
=945  \\$aThe Whole World

