=LDR  00953ngm a2200000i 4500
=001  JoVEBiology50354
=008  161201s2016\\\\xx\\\\\g\\\\\\s\\\\\eng\d
=035  \\$a(OCoLC)733445860
=040  \\$aVaAlASP$cVaAlASP
=100  1\$aRogge,Ryan  A.
=245  12$aAssembly of Nucleosomal Arrays from Recombinant Core Histones and Nucleosome Positioning DNA$h[electronic resource]
=260  \\$aCambridge, MA$bMyJoVE Corp$c2016
=300  \\$aonline resource (640 seconds)
=490  0\$aBiology
=500  \\$aTitle from resource description page
=520  \\$aA method is presented for the reconstitution of model nucleosomal arrays from recombinant core histones and tandemly repeated nucleosome positioning DNA.  We also describe how sedimentation velocity experiments in the analytical ultracentrifuge,  and atomic force microscopy (AFM) are used to monitor the extent of nucleosomal array saturation after reconstitution.
=521  \\$aFor undergraduate, graduate, and professional students
=546  \\$aEnglish
=650  \0$aBiology
=856  40$uhttps://www.jove.com/video/50354
=945  \\$aThe Whole World

