=LDR  01007ngm a2200000i 4500
=001  JoVEBiology50439
=008  161201s2016\\\\xx\\\\\g\\\\\\s\\\\\eng\d
=035  \\$a(OCoLC)733445860
=040  \\$aVaAlASP$cVaAlASP
=100  1\$aWeger,Benjamin  D.
=245  12$aA Chemical Screening Procedure for Glucocorticoid Signaling with a Zebrafish Larva Luciferase Reporter System$h[electronic resource]
=260  \\$aCambridge, MA$bMyJoVE Corp$c2016
=300  \\$aonline resource (802 seconds)
=490  0\$aBiology
=500  \\$aTitle from resource description page
=520  \\$aWe describe the procedure and data analysis of a chemical screening system for glucocorticoid stress hormone signaling using zebrafish larvae: the Glucocorticoid Responsive In vivo Zebrafish Luciferase activitY (GRIZLY) assay. The assay sensitively and specifically detects effects on glucocorticoid signaling by compounds that require metabolization or affect endogenous glucocorticoid production.
=521  \\$aFor undergraduate, graduate, and professional students
=546  \\$aEnglish
=650  \0$aBiology
=856  40$uhttps://www.jove.com/video/50439
=945  \\$aThe Whole World

