=LDR  00929ngm a2200000i 4500
=001  JoVEMedicine50670
=008  161201s2016\\\\xx\\\\\g\\\\\\s\\\\\eng\d
=035  \\$a(OCoLC)733445860
=040  \\$aVaAlASP$cVaAlASP
=100  1\$aAmaro-Ortiz,Alexandra
=245  12$aPharmacologic Induction of Epidermal Melanin and Protection Against Sunburn in a Humanized Mouse Model$h[electronic resource]
=260  \\$aCambridge, MA$bMyJoVE Corp$c2016
=300  \\$aonline resource (757 seconds)
=490  0\$aMedicine
=500  \\$aTitle from resource description page
=520  \\$aEpidermal melanin is induced by topical application of forskolin in a murine model of the fair-skinned UV-sensitive human.    Pharmacologic manipulation of cAMP levels in the skin and epidermal darkening strongly protect against UV-mediated inflammation (sunburn) as measured by the minimum erythematous dose (MED) assay.
=521  \\$aFor undergraduate, graduate, and professional students
=546  \\$aEnglish
=650  \0$aMedicine
=856  40$uhttps://www.jove.com/video/50670
=945  \\$aThe Whole World

