=LDR  00851ngm a2200000i 4500
=001  JoVEBiology50579
=008  161201s2016\\\\xx\\\\\g\\\\\\s\\\\\eng\d
=035  \\$a(OCoLC)733445860
=040  \\$aVaAlASP$cVaAlASP
=100  1\$aMetcalf,Daniel J.
=245  12$aTest Samples for Optimizing STORM Super-Resolution Microscopy$h[electronic resource]
=260  \\$aCambridge, MA$bMyJoVE Corp$c2016
=300  \\$aonline resource (1012 seconds)
=490  0\$aBiology
=500  \\$aTitle from resource description page
=520  \\$aWe describe the preparation of three test samples and how they can be used to optimize and assess the performance of STORM microscopes. Using these examples we show how to acquire raw data and then process it to acquire super-resolution images in cells of approximately 30-50 nm resolution.
=521  \\$aFor undergraduate, graduate, and professional students
=546  \\$aEnglish
=650  \0$aBiology
=856  40$uhttps://www.jove.com/video/50579
=945  \\$aThe Whole World

