=LDR  00928ngm a2200000i 4500
=001  JoVEBiology50154
=008  161201s2016\\\\xx\\\\\g\\\\\\s\\\\\eng\d
=035  \\$a(OCoLC)733445860
=040  \\$aVaAlASP$cVaAlASP
=100  1\$aEhler,Elisabeth
=245  12$aIsolation and Culture of Neonatal Mouse Cardiomyocytes$h[electronic resource]
=260  \\$aCambridge, MA$bMyJoVE Corp$c2016
=300  \\$aonline resource (470 seconds)
=490  0\$aBiology
=500  \\$aTitle from resource description page
=520  \\$aPrimary mouse cardiomyocyte cultures are one of the pivotal tools for the investigation of myofibrillar organization and function. The following protocol describes the isolation and culture of primary cardiomyocytes from neonatal mouse hearts. The resulting cardiomyocyte cultures may be subsequently used for a variety of biomechanical, biochemical and cell-biological assays.
=521  \\$aFor undergraduate, graduate, and professional students
=546  \\$aEnglish
=650  \0$aBiology
=856  40$uhttps://www.jove.com/video/50154
=945  \\$aThe Whole World

