=LDR  00987ngm a2200000i 4500
=001  JoVEMedicine50634
=008  161201s2016\\\\xx\\\\\g\\\\\\s\\\\\eng\d
=035  \\$a(OCoLC)733445860
=040  \\$aVaAlASP$cVaAlASP
=100  1\$aElvington,Elizabeth S.
=245  12$aLabel-free Isolation and Enrichment of Cells Through Contactless Dielectrophoresis$h[electronic resource]
=260  \\$aCambridge, MA$bMyJoVE Corp$c2016
=300  \\$aonline resource (638 seconds)
=490  0\$aMedicine
=500  \\$aTitle from resource description page
=520  \\$aContactless dielectrophoresis (cDEP) achieves sorting and enrichment of particles via their intrinsic dielectric properties. Fluidic electrode channels replace metallic electrodes traditional to DEP, suiting cDEP to non-damaging sterile characterization and sorting of biological particles. We demonstrate how to prepare a cDEP microdevice and conduct cell characterization and sorting experiments.
=521  \\$aFor undergraduate, graduate, and professional students
=546  \\$aEnglish
=650  \0$aMedicine
=856  40$uhttps://www.jove.com/video/50634
=945  \\$aThe Whole World

