=LDR  00923ngm a2200000i 4500
=001  JoVEBiology50615
=008  161201s2016\\\\xx\\\\\g\\\\\\s\\\\\eng\d
=035  \\$a(OCoLC)733445860
=040  \\$aVaAlASP$cVaAlASP
=100  1\$aLee,Serene M.L.
=245  12$aIsolation of Human Hepatocytes by a Two-step Collagenase Perfusion Procedure$h[electronic resource]
=260  \\$aCambridge, MA$bMyJoVE Corp$c2016
=300  \\$aonline resource (429 seconds)
=490  0\$aBiology
=500  \\$aTitle from resource description page
=520  \\$aA modified two-step collagenase perfusion procedure for isolation of human hepatocytes is described. This method can also be applied to other mammalian livers. The isolated hepatocytes are available in high yield and viability, making them a suitable model for scientific research in areas such as liver regeneration, pharmacokinetics and toxicology.
=521  \\$aFor undergraduate, graduate, and professional students
=546  \\$aEnglish
=650  \0$aBiology
=856  40$uhttps://www.jove.com/video/50615
=945  \\$aThe Whole World

