=LDR  00771ngm a2200000i 4500
=001  JoVEMedicine50565
=008  161201s2016\\\\xx\\\\\g\\\\\\s\\\\\eng\d
=035  \\$a(OCoLC)733445860
=040  \\$aVaAlASP$cVaAlASP
=100  1\$aWu,Xueming
=245  12$aMR Molecular Imaging of Prostate Cancer with a Small Molecular CLT1 Peptide Targeted Contrast Agent$h[electronic resource]
=260  \\$aCambridge, MA$bMyJoVE Corp$c2016
=300  \\$aonline resource (414 seconds)
=490  0\$aMedicine
=500  \\$aTitle from resource description page
=520  \\$aTo demonstrate MR cancer molecular imaging with a small peptide targeted MRI contrast agent specific to clotted plasma proteins in tumor stroma in a mouse prostate cancer model.
=521  \\$aFor undergraduate, graduate, and professional students
=546  \\$aEnglish
=650  \0$aMedicine
=856  40$uhttps://www.jove.com/video/50565
=945  \\$aThe Whole World

