=LDR  00819ngm a2200000i 4500
=001  JoVEBiology50589
=008  161201s2016\\\\xx\\\\\g\\\\\\s\\\\\eng\d
=035  \\$a(OCoLC)733445860
=040  \\$aVaAlASP$cVaAlASP
=100  1\$aWiśniewski,Jacek R.
=245  12$aProteomic Sample Preparation from Formalin Fixed and Paraffin Embedded Tissue$h[electronic resource]
=260  \\$aCambridge, MA$bMyJoVE Corp$c2016
=300  \\$aonline resource (560 seconds)
=490  0\$aBiology
=500  \\$aTitle from resource description page
=520  \\$aArchival formalin fixed and paraffin embedded (FFPE) clinical samples are valuable material for investigation of diseases. Here we demonstrate a sample preparation workflow allowing in-depth proteomic analysis of microdissected FFPE tissue.
=521  \\$aFor undergraduate, graduate, and professional students
=546  \\$aEnglish
=650  \0$aBiology
=856  40$uhttps://www.jove.com/video/50589
=945  \\$aThe Whole World

