=LDR  00876ngm a2200000i 4500
=001  JoVEBiology50558
=008  161201s2016\\\\xx\\\\\g\\\\\\s\\\\\eng\d
=035  \\$a(OCoLC)733445860
=040  \\$aVaAlASP$cVaAlASP
=100  1\$aMasedunskas,Andrius
=245  12$aIntravital Microscopy for Imaging Subcellular Structures in Live Mice Expressing Fluorescent Proteins$h[electronic resource]
=260  \\$aCambridge, MA$bMyJoVE Corp$c2016
=300  \\$aonline resource (503 seconds)
=490  0\$aBiology
=500  \\$aTitle from resource description page
=520  \\$aIntravital microscopy is a powerful tool that enables imaging various biological processes in live animals. In this article, we present a detailed method for imaging the dynamics of subcellular structures, such as the secretory granules, in the salivary glands of live mice.
=521  \\$aFor undergraduate, graduate, and professional students
=546  \\$aEnglish
=650  \0$aBiology
=856  40$uhttps://www.jove.com/video/50558
=945  \\$aThe Whole World

