=LDR  00900ngm a2200000i 4500
=001  JoVEBiology50548
=008  161201s2016\\\\xx\\\\\g\\\\\\s\\\\\eng\d
=035  \\$a(OCoLC)733445860
=040  \\$aVaAlASP$cVaAlASP
=100  1\$aTill,Marisa
=245  12$aImproving the Success Rate of Protein Crystallization by Random Microseed Matrix Screening$h[electronic resource]
=260  \\$aCambridge, MA$bMyJoVE Corp$c2016
=300  \\$aonline resource (744 seconds)
=490  0\$aBiology
=500  \\$aTitle from resource description page
=520  \\$aHere we describe a general method for random microseed matrix screening. This technique is shown to significantly increase the success rate of protein crystallization screening experiments, reduce the need for optimization, and provide a reliable supply of crystals for data collection and ligand-soaking experiments.
=521  \\$aFor undergraduate, graduate, and professional students
=546  \\$aEnglish
=650  \0$aBiology
=856  40$uhttps://www.jove.com/video/50548
=945  \\$aThe Whole World

