=LDR  00999ngm a2200000i 4500
=001  JoVEBiology50512
=008  161201s2016\\\\xx\\\\\g\\\\\\s\\\\\eng\d
=035  \\$a(OCoLC)733445860
=040  \\$aVaAlASP$cVaAlASP
=100  1\$aUnderwood,Karen F.
=245  12$aA Quantitative Assay to Study Protein:DNA Interactions, Discover Transcriptional Regulators of Gene Expression, and Identify Novel Anti-tumor Agents$h[electronic resource]
=260  \\$aCambridge, MA$bMyJoVE Corp$c2016
=300  \\$aonline resource (403 seconds)
=490  0\$aBiology
=500  \\$aTitle from resource description page
=520  \\$aWe developed a quantitative DNA-binding, ELISA-based assay to measure transcription factor interactions with DNA.  High specificity for the RUNX2 protein was achieved with a consensus DNA-recognition oligonucleotide and specific monoclonal antibody. Colorimetric detection with an enzyme-coupled antibody substrate reaction was monitored in real time.
=521  \\$aFor undergraduate, graduate, and professional students
=546  \\$aEnglish
=650  \0$aBiology
=856  40$uhttps://www.jove.com/video/50512
=945  \\$aThe Whole World

