=LDR  00958ngm a2200000i 4500
=001  JoVEMedicine50341
=008  161201s2016\\\\xx\\\\\g\\\\\\s\\\\\eng\d
=035  \\$a(OCoLC)733445860
=040  \\$aVaAlASP$cVaAlASP
=100  1\$aRangayyan,Rangaraj M.
=245  12$aDetection of Architectural Distortion in Prior Mammograms via Analysis of Oriented Patterns$h[electronic resource]
=260  \\$aCambridge, MA$bMyJoVE Corp$c2016
=300  \\$aonline resource (824 seconds)
=490  0\$aMedicine
=500  \\$aTitle from resource description page
=520  \\$aWe demonstrate methods for the detection of architectural distortion in prior mammograms. Oriented structures are analyzed using Gabor filters and phase portraits to detect sites of radiating tissue patterns. Each site is characterized and classified using measures to represent spiculating patterns. The methods should assist in the detection of breast cancer.
=521  \\$aFor undergraduate, graduate, and professional students
=546  \\$aEnglish
=650  \0$aMedicine
=856  40$uhttps://www.jove.com/video/50341
=945  \\$aThe Whole World

