=LDR  00789ngm a2200000i 4500
=001  JoVEBiology50550
=008  161201s2016\\\\xx\\\\\g\\\\\\s\\\\\eng\d
=035  \\$a(OCoLC)733445860
=040  \\$aVaAlASP$cVaAlASP
=100  1\$aMünch,Daniel
=245  12$aObtaining Specimens with Slowed, Accelerated and Reversed Aging in the Honey Bee Model$h[electronic resource]
=260  \\$aCambridge, MA$bMyJoVE Corp$c2016
=300  \\$aonline resource (658 seconds)
=490  0\$aBiology
=500  \\$aTitle from resource description page
=520  \\$aIn honey bee workers, aging depends on social behaviors rather than on chronological age. Here we show how worker-types with very different aging patterns can be obtained and analyzed for cellular senescence.
=521  \\$aFor undergraduate, graduate, and professional students
=546  \\$aEnglish
=650  \0$aBiology
=856  40$uhttps://www.jove.com/video/50550
=945  \\$aThe Whole World

