=LDR  00961ngm a2200000i 4500
=001  JoVEMedicine50574
=008  161201s2016\\\\xx\\\\\g\\\\\\s\\\\\eng\d
=035  \\$a(OCoLC)733445860
=040  \\$aVaAlASP$cVaAlASP
=100  1\$aNicholson,Tristan M.
=245  12$aRenal Capsule Xenografting and Subcutaneous Pellet Implantation for the Evaluation of Prostate Carcinogenesis and Benign Prostatic Hyperplasia$h[electronic resource]
=260  \\$aCambridge, MA$bMyJoVE Corp$c2016
=300  \\$aonline resource (518 seconds)
=490  0\$aMedicine
=500  \\$aTitle from resource description page
=520  \\$aWe describe the manufacture of compressed hormone pellets, as well as subcutaneous surgical implantation into mice. This strategy can be combined with the growth of cell and tissue xenografts under the renal capsule of athymic nude mice to evaluate hormonal carcinogenesis and regulation of benign prostate growth.
=521  \\$aFor undergraduate, graduate, and professional students
=546  \\$aEnglish
=650  \0$aMedicine
=856  40$uhttps://www.jove.com/video/50574
=945  \\$aThe Whole World

