=LDR  00926ngm a2200000i 4500
=001  JoVEMedicine50480
=008  161201s2016\\\\xx\\\\\g\\\\\\s\\\\\eng\d
=035  \\$a(OCoLC)733445860
=040  \\$aVaAlASP$cVaAlASP
=100  1\$aCorr,Stuart J.
=245  12$aProtocols for Assessing Radiofrequency Interactions with Gold Nanoparticles and Biological Systems for Non-invasive Hyperthermia Cancer Therapy$h[electronic resource]
=260  \\$aCambridge, MA$bMyJoVE Corp$c2016
=300  \\$aonline resource (651 seconds)
=490  0\$aMedicine
=500  \\$aTitle from resource description page
=520  \\$aWe describe the protocols used to investigate the interactions of 13.56 MHz radiofrequency (RF) electric-fields with gold nanoparticle colloids in both non-biological and biological systems (in vitro/vivo). These interactions are being investigated for applications in cancer therapy.
=521  \\$aFor undergraduate, graduate, and professional students
=546  \\$aEnglish
=650  \0$aMedicine
=856  40$uhttps://www.jove.com/video/50480
=945  \\$aThe Whole World

