=LDR  00769ngm a2200000i 4500
=001  JoVEBiology50478
=008  161201s2016\\\\xx\\\\\g\\\\\\s\\\\\eng\d
=035  \\$a(OCoLC)733445860
=040  \\$aVaAlASP$cVaAlASP
=100  1\$aTang,Yixin
=245  12$aInduction and Analysis of Epithelial to Mesenchymal Transition$h[electronic resource]
=260  \\$aCambridge, MA$bMyJoVE Corp$c2016
=300  \\$aonline resource (637 seconds)
=490  0\$aBiology
=500  \\$aTitle from resource description page
=520  \\$aA straightforward method is described for the induction of epithelial to mesenchymal transition (EMT) in a variety of cell types.  Methods for the analysis of cells in EMT states by immunocytochemistry are included.
=521  \\$aFor undergraduate, graduate, and professional students
=546  \\$aEnglish
=650  \0$aBiology
=856  40$uhttps://www.jove.com/video/50478
=945  \\$aThe Whole World

