=LDR  00918ngm a2200000i 4500
=001  JoVEBiology50531
=008  161201s2016\\\\xx\\\\\g\\\\\\s\\\\\eng\d
=035  \\$a(OCoLC)733445860
=040  \\$aVaAlASP$cVaAlASP
=100  1\$aTam,Christina
=245  12$aLive Imaging Assay for Assessing the Roles of Ca2+ and Sphingomyelinase in the Repair of Pore-forming Toxin Wounds$h[electronic resource]
=260  \\$aCambridge, MA$bMyJoVE Corp$c2016
=300  \\$aonline resource (1105 seconds)
=490  0\$aBiology
=500  \\$aTitle from resource description page
=520  \\$aLive imaging of cells exposed to the lipophilic dye FM1-43 allows precise determination of the kinetics by which pore-forming toxins are removed from the plasma membrane. This is a sensitive assay that can be used to assess requirements for Ca2+, sphingomyelinase and other factors on plasma membrane repair.
=521  \\$aFor undergraduate, graduate, and professional students
=546  \\$aEnglish
=650  \0$aBiology
=856  40$uhttps://www.jove.com/video/50531
=945  \\$aThe Whole World

