=LDR  01036ngm a2200000i 4500
=001  JoVEBiology50338
=008  161201s2016\\\\xx\\\\\g\\\\\\s\\\\\eng\d
=035  \\$a(OCoLC)733445860
=040  \\$aVaAlASP$cVaAlASP
=100  1\$aNiederriter,Adrienne R.
=245  12$aIn Vivo Modeling of the Morbid Human Genome using Danio rerio$h[electronic resource]
=260  \\$aCambridge, MA$bMyJoVE Corp$c2016
=300  \\$aonline resource (751 seconds)
=490  0\$aBiology
=500  \\$aTitle from resource description page
=520  \\$aHere, we present a systematic approach for developing physiologically relevant, sensitive and specific in vivo assays for interpreting variation in human pathology. Transient genetic manipulation via microinjection of WT and mutant human mRNA and morpholino (MO) antisense oligonucleotides harness the tractability of the developing zebrafish embryo to rapidly assay pathogenic mutations, especially, but not exclusively, in the context of human developmental disorders.
=521  \\$aFor undergraduate, graduate, and professional students
=546  \\$aEnglish
=650  \0$aBiology
=856  40$uhttps://www.jove.com/video/50338
=945  \\$aThe Whole World

