=LDR  00896ngm a2200000i 4500
=001  JoVEBiology50547
=008  161201s2016\\\\xx\\\\\g\\\\\\s\\\\\eng\d
=035  \\$a(OCoLC)733445860
=040  \\$aVaAlASP$cVaAlASP
=100  1\$aYeh,Shu-Dan
=245  12$aAssessing Differences in Sperm Competitive Ability in Drosophila$h[electronic resource]
=260  \\$aCambridge, MA$bMyJoVE Corp$c2016
=300  \\$aonline resource (574 seconds)
=490  0\$aBiology
=500  \\$aTitle from resource description page
=520  \\$aDifferential sperm competitive ability among Drosophila males with distinct genotypes can be ascertained through double-mating experiments. Each of these experiments involves one of the males of interest and a reference male. Readily identifiable markers in the progeny allow inference of the fraction of individuals fathered by each male.
=521  \\$aFor undergraduate, graduate, and professional students
=546  \\$aEnglish
=650  \0$aBiology
=856  40$uhttps://www.jove.com/video/50547
=945  \\$aThe Whole World

