=LDR  00944ngm a2200000i 4500
=001  JoVEBiology50405
=008  161201s2016\\\\xx\\\\\g\\\\\\s\\\\\eng\d
=035  \\$a(OCoLC)733445860
=040  \\$aVaAlASP$cVaAlASP
=100  1\$aCummings,Patrick J.
=245  12$aPyrosequencing for Microbial Identification and Characterization$h[electronic resource]
=260  \\$aCambridge, MA$bMyJoVE Corp$c2016
=300  \\$aonline resource (757 seconds)
=490  0\$aBiology
=500  \\$aTitle from resource description page
=520  \\$aPyrosequencing is a versatile technique that facilitates microbial genome sequencing that can be used to identify bacterial species, discriminate bacterial strains, and detect genetic mutations that confer resistance to anti-microbial agents. In this video, the procedure for microbial amplicon generation, amplicon pyrosequencing, and DNA sequence analysis will be demonstrated.
=521  \\$aFor undergraduate, graduate, and professional students
=546  \\$aEnglish
=650  \0$aBiology
=856  40$uhttps://www.jove.com/video/50405
=945  \\$aThe Whole World

