=LDR  00948ngm a2200000i 4500
=001  JoVEMedicine50568
=008  161201s2016\\\\xx\\\\\g\\\\\\s\\\\\eng\d
=035  \\$a(OCoLC)733445860
=040  \\$aVaAlASP$cVaAlASP
=100  1\$aCastiel,Asher
=245  12$aCell Death Associated with Abnormal Mitosis Observed by Confocal Imaging in Live Cancer Cells$h[electronic resource]
=260  \\$aCambridge, MA$bMyJoVE Corp$c2016
=300  \\$aonline resource (953 seconds)
=490  0\$aMedicine
=500  \\$aTitle from resource description page
=520  \\$aThe cytotoxic activity of the phenanthridine PJ-34 in cancer cells undergoing mitosis was documented in real time by live confocal imaging. PJ-34 eradicated human breast cancer MDA-MB-231 cells harboring extra-centrosomes in mitosis. Unlike normal bi-focal mitosis, the extra-centrosomes were not clustered in the two spindle poles in the presence of PJ-34.
=521  \\$aFor undergraduate, graduate, and professional students
=546  \\$aEnglish
=650  \0$aMedicine
=856  40$uhttps://www.jove.com/video/50568
=945  \\$aThe Whole World

