=LDR  00890ngm a2200000i 4500
=001  JoVEMedicine50311
=008  161201s2016\\\\xx\\\\\g\\\\\\s\\\\\eng\d
=035  \\$a(OCoLC)733445860
=040  \\$aVaAlASP$cVaAlASP
=100  1\$aGu,Dongsheng
=245  12$aCell Population Analyses During Skin Carcinogenesis$h[electronic resource]
=260  \\$aCambridge, MA$bMyJoVE Corp$c2016
=300  \\$aonline resource (413 seconds)
=490  0\$aMedicine
=500  \\$aTitle from resource description page
=520  \\$aCarcinogenesis is a process involving interactions between cancer cells and the cancer microenvironment. To dissect the molecular events, one needs to isolate different cell populations at different stages during cancer development. Using a mouse model for basal cell carcinoma, we describe a protocol for cell analyses during carcinogenesis.
=521  \\$aFor undergraduate, graduate, and professional students
=546  \\$aEnglish
=650  \0$aMedicine
=856  40$uhttps://www.jove.com/video/50311
=945  \\$aThe Whole World

