=LDR  00833ngm a2200000i 4500
=001  JoVEBiology50151
=008  161201s2016\\\\xx\\\\\g\\\\\\s\\\\\eng\d
=035  \\$a(OCoLC)733445860
=040  \\$aVaAlASP$cVaAlASP
=100  1\$aShklyar,Boris
=245  12$aLive Imaging of Apoptotic Cell Clearance during Drosophila Embryogenesis$h[electronic resource]
=260  \\$aCambridge, MA$bMyJoVE Corp$c2016
=300  \\$aonline resource (539 seconds)
=490  0\$aBiology
=500  \\$aTitle from resource description page
=520  \\$aHere we describe an effective method for studying dynamics of apoptotic cell clearance in vivo. This method employs live Drosophila  embryos as a powerful model for monitoring phagocytosis of apoptotic cells using specific labeling of apoptotic cells and phagocytes.
=521  \\$aFor undergraduate, graduate, and professional students
=546  \\$aEnglish
=650  \0$aBiology
=856  40$uhttps://www.jove.com/video/50151
=945  \\$aThe Whole World

