=LDR  00716ngm a2200000i 4500
=001  JoVEMedicine50111
=008  161201s2016\\\\xx\\\\\g\\\\\\s\\\\\eng\d
=035  \\$a(OCoLC)733445860
=040  \\$aVaAlASP$cVaAlASP
=100  1\$aKrishna,Vibhor
=245  12$aA Contusion Model of Severe Spinal Cord Injury in Rats$h[electronic resource]
=260  \\$aCambridge, MA$bMyJoVE Corp$c2016
=300  \\$aonline resource (600 seconds)
=490  0\$aMedicine
=500  \\$aTitle from resource description page
=520  \\$aA contusion model of severe spinal cord injury is described. Detailed pre-operative, operative and post-operative steps are described to obtain a consistent model.
=521  \\$aFor undergraduate, graduate, and professional students
=546  \\$aEnglish
=650  \0$aMedicine
=856  40$uhttps://www.jove.com/video/50111
=945  \\$aThe Whole World

