=LDR  00683ngm a2200000i 4500
=001  JoVEBiology50587
=008  161201s2016\\\\xx\\\\\g\\\\\\s\\\\\eng\d
=035  \\$a(OCoLC)733445860
=040  \\$aVaAlASP$cVaAlASP
=100  1\$aBolland,Daniel J.
=245  12$aRobust 3D DNA FISH Using Directly Labeled Probes$h[electronic resource]
=260  \\$aCambridge, MA$bMyJoVE Corp$c2016
=300  \\$aonline resource (736 seconds)
=490  0\$aBiology
=500  \\$aTitle from resource description page
=520  \\$aWe describe a robust and versatile protocol for analyzing nuclear architecture by 3D DNA FISH using directly labeled fluorescent probes.
=521  \\$aFor undergraduate, graduate, and professional students
=546  \\$aEnglish
=650  \0$aBiology
=856  40$uhttps://www.jove.com/video/50587
=945  \\$aThe Whole World

