=LDR  00933ngm a2200000i 4500
=001  JoVEBiology50541
=008  161201s2016\\\\xx\\\\\g\\\\\\s\\\\\eng\d
=035  \\$a(OCoLC)733445860
=040  \\$aVaAlASP$cVaAlASP
=100  1\$aKhavrutskii,Lyuba
=245  12$aProtein Purification-free Method of Binding Affinity Determination by Microscale Thermophoresis$h[electronic resource]
=260  \\$aCambridge, MA$bMyJoVE Corp$c2016
=300  \\$aonline resource (622 seconds)
=490  0\$aBiology
=500  \\$aTitle from resource description page
=520  \\$aMicroscale thermophoresis (MST) can be widely used for determination of binding affinity without purification of the target protein from cell lysates. The protocol involves overexpression of the GFP-fused protein, cell lysis in non-denaturing conditions, and detection of MST signal in the presence of varying concentrations of the ligand.
=521  \\$aFor undergraduate, graduate, and professional students
=546  \\$aEnglish
=650  \0$aBiology
=856  40$uhttps://www.jove.com/video/50541
=945  \\$aThe Whole World

