=LDR  00920ngm a2200000i 4500
=001  JoVEBiology50529
=008  161201s2016\\\\xx\\\\\g\\\\\\s\\\\\eng\d
=035  \\$a(OCoLC)733445860
=040  \\$aVaAlASP$cVaAlASP
=100  1\$aWang,Li
=245  12$aFlow Cytometric Analysis of Bimolecular Fluorescence Complementation: A High Throughput Quantitative Method to Study Protein-protein Interaction$h[electronic resource]
=260  \\$aCambridge, MA$bMyJoVE Corp$c2016
=300  \\$aonline resource (671 seconds)
=490  0\$aBiology
=500  \\$aTitle from resource description page
=520  \\$aFlow cytometric analysis of Bimolecular Fluorescence Complementation provides a high throughput quantitative method to study protein-protein interaction. This methodology can be applied to mapping protein binding sites and for screening factors that regulate protein-protein interaction.
=521  \\$aFor undergraduate, graduate, and professional students
=546  \\$aEnglish
=650  \0$aBiology
=856  40$uhttps://www.jove.com/video/50529
=945  \\$aThe Whole World

