=LDR  00897ngm a2200000i 4500
=001  JoVEMedicine50440
=008  161201s2016\\\\xx\\\\\g\\\\\\s\\\\\eng\d
=035  \\$a(OCoLC)733445860
=040  \\$aVaAlASP$cVaAlASP
=100  1\$aFeng,Liang
=245  12$aA Laser-induced Mouse Model of Chronic Ocular Hypertension to Characterize Visual Defects$h[electronic resource]
=260  \\$aCambridge, MA$bMyJoVE Corp$c2016
=300  \\$aonline resource (420 seconds)
=490  0\$aMedicine
=500  \\$aTitle from resource description page
=520  \\$aChronic ocular hypertension is induced using laser photocoagulation of the trabecular meshwork in mouse eyes. The intraocular pressure (IOP) is elevated for several months after laser treatment. The decrease of visual acuity and contrast sensitivity of experimental animals are monitored using the optomotor test.
=521  \\$aFor undergraduate, graduate, and professional students
=546  \\$aEnglish
=650  \0$aMedicine
=856  40$uhttps://www.jove.com/video/50440
=945  \\$aThe Whole World

