=LDR  00925ngm a2200000i 4500
=001  JoVEMedicine50375
=008  161201s2016\\\\xx\\\\\g\\\\\\s\\\\\eng\d
=035  \\$a(OCoLC)733445860
=040  \\$aVaAlASP$cVaAlASP
=100  1\$aDelyfer,Marie-Noëlle
=245  12$aTranscriptomic Analysis of Human Retinal Surgical Specimens Using jouRNAl$h[electronic resource]
=260  \\$aCambridge, MA$bMyJoVE Corp$c2016
=300  \\$aonline resource (632 seconds)
=490  0\$aMedicine
=500  \\$aTitle from resource description page
=520  \\$aWe used retinal samples from retinectomy for a transcriptomic analysis of retinal detachment. We developed a procedure that allows RNA conservation between the surgical blocks and the laboratory. We standardized a protocol to purify RNA by cesium chloride ultracentrifugation to assure that the purified RNAs are suitable for microarray analysis.
=521  \\$aFor undergraduate, graduate, and professional students
=546  \\$aEnglish
=650  \0$aMedicine
=856  40$uhttps://www.jove.com/video/50375
=945  \\$aThe Whole World

