=LDR  00737ngm a2200000i 4500
=001  JoVEMedicine50267
=008  161201s2016\\\\xx\\\\\g\\\\\\s\\\\\eng\d
=035  \\$a(OCoLC)733445860
=040  \\$aVaAlASP$cVaAlASP
=100  1\$aFergusson,Grace
=245  12$aA Model of Chronic Nutrient Infusion in the Rat$h[electronic resource]
=260  \\$aCambridge, MA$bMyJoVE Corp$c2016
=300  \\$aonline resource (498 seconds)
=490  0\$aMedicine
=500  \\$aTitle from resource description page
=520  \\$aA protocol for chronic infusions of glucose and Intralipid in rats is described. This model can be used to study the impact of nutrient excess on organ function and physiological parameters.
=521  \\$aFor undergraduate, graduate, and professional students
=546  \\$aEnglish
=650  \0$aMedicine
=856  40$uhttps://www.jove.com/video/50267
=945  \\$aThe Whole World

