=LDR  00839ngm a2200000i 4500
=001  JoVEBiology50514
=008  161201s2016\\\\xx\\\\\g\\\\\\s\\\\\eng\d
=035  \\$a(OCoLC)733445860
=040  \\$aVaAlASP$cVaAlASP
=100  1\$aGout,Johann
=245  12$aIsolation and Culture of Mouse Primary Pancreatic Acinar Cells$h[electronic resource]
=260  \\$aCambridge, MA$bMyJoVE Corp$c2016
=300  \\$aonline resource (538 seconds)
=490  0\$aBiology
=500  \\$aTitle from resource description page
=520  \\$aIn this publication, we describe a rapid and convenient procedure for isolating and culturing primary pancreatic acinar cells from the murine pancreas. This method constitutes a valuable approach to study the physiology of fresh primary normal/untransformed exocrine pancreatic cells.
=521  \\$aFor undergraduate, graduate, and professional students
=546  \\$aEnglish
=650  \0$aBiology
=856  40$uhttps://www.jove.com/video/50514
=945  \\$aThe Whole World

