=LDR  00834ngm a2200000i 4500
=001  JoVEBiology50691
=008  161201s2016\\\\xx\\\\\g\\\\\\s\\\\\eng\d
=035  \\$a(OCoLC)733445860
=040  \\$aVaAlASP$cVaAlASP
=100  1\$aCollymore,Chereen
=245  12$aGavaging Adult Zebrafish$h[electronic resource]
=260  \\$aCambridge, MA$bMyJoVE Corp$c2016
=300  \\$aonline resource (189 seconds)
=490  0\$aBiology
=500  \\$aTitle from resource description page
=520  \\$aThe increasing use of zebrafish as an animal model requires the development of effective methods for the delivery of known quantities of compounds and solutions. The gavage procedure described below allows for the oral delivery of precise volumes of solution reliably, safely and efficiently to adult zebrafish.
=521  \\$aFor undergraduate, graduate, and professional students
=546  \\$aEnglish
=650  \0$aBiology
=856  40$uhttps://www.jove.com/video/50691
=945  \\$aThe Whole World

