=LDR  00988ngm a2200000i 4500
=001  JoVEMedicine50495
=008  161201s2016\\\\xx\\\\\g\\\\\\s\\\\\eng\d
=035  \\$a(OCoLC)733445860
=040  \\$aVaAlASP$cVaAlASP
=100  1\$aSkrypnyk,Nataliya  I.
=245  12$aIschemia-reperfusion Model of Acute Kidney Injury and Post Injury Fibrosis in Mice$h[electronic resource]
=260  \\$aCambridge, MA$bMyJoVE Corp$c2016
=300  \\$aonline resource (549 seconds)
=490  0\$aMedicine
=500  \\$aTitle from resource description page
=520  \\$aWe describe models of moderate and severe ischemia-reperfusion-induced kidney injury in which the mice undergo unilateral renal pedicle clamping followed by simultaneous or delayed contralateral nephrectomy, respectively. These models consistently give rise to renal dysfunction and post-injury fibrosis, but injury severity and survival are dependent on mouse background, age and surgical equipment.
=521  \\$aFor undergraduate, graduate, and professional students
=546  \\$aEnglish
=650  \0$aMedicine
=856  40$uhttps://www.jove.com/video/50495
=945  \\$aThe Whole World

