=LDR  00948ngm a2200000i 4500
=001  JoVEBiology50343
=008  161201s2016\\\\xx\\\\\g\\\\\\s\\\\\eng\d
=035  \\$a(OCoLC)733445860
=040  \\$aVaAlASP$cVaAlASP
=100  1\$aFrancis,Richard
=245  12$aEx vivo Method for High Resolution Imaging of Cilia Motility in Rodent Airway Epithelia$h[electronic resource]
=260  \\$aCambridge, MA$bMyJoVE Corp$c2016
=300  \\$aonline resource (505 seconds)
=490  0\$aBiology
=500  \\$aTitle from resource description page
=520  \\$aAn easy and reliable technique for visualizing and quantifying airway cilia motility and cilia generated flow using mouse trachea is described.  This technique can be modified to determine how a wide range of factors influence cilia motility, including pharmacological agents, genetic factors, environmental exposures, and/or mechanical factors such as mucus load.
=521  \\$aFor undergraduate, graduate, and professional students
=546  \\$aEnglish
=650  \0$aBiology
=856  40$uhttps://www.jove.com/video/50343
=945  \\$aThe Whole World

