=LDR  00987ngm a2200000i 4500
=001  JoVEBiology50195
=008  161201s2016\\\\xx\\\\\g\\\\\\s\\\\\eng\d
=035  \\$a(OCoLC)733445860
=040  \\$aVaAlASP$cVaAlASP
=100  1\$aRädle,Bernd
=245  12$aMetabolic Labeling of Newly Transcribed RNA for High Resolution Gene Expression Profiling of RNA Synthesis, Processing and Decay in Cell Culture$h[electronic resource]
=260  \\$aCambridge, MA$bMyJoVE Corp$c2016
=300  \\$aonline resource (660 seconds)
=490  0\$aBiology
=500  \\$aTitle from resource description page
=520  \\$aTotal cellular RNA provides a poor template for studying short-term changes in RNA synthesis and decay as well as the kinetics of RNA processing. Here, we describe metabolic labeling of newly transcribed RNA with 4-thiouridine followed by thiol-specific biotinylation and purification of newly transcribed RNA allowing to overcome these limitations.
=521  \\$aFor undergraduate, graduate, and professional students
=546  \\$aEnglish
=650  \0$aBiology
=856  40$uhttps://www.jove.com/video/50195
=945  \\$aThe Whole World

