=LDR  00975ngm a2200000i 4500
=001  JoVEBiology50786
=008  161201s2016\\\\xx\\\\\g\\\\\\s\\\\\eng\d
=035  \\$a(OCoLC)733445860
=040  \\$aVaAlASP$cVaAlASP
=100  1\$aKuster,Diederik W.D.
=245  12$aA Sensitive and Specific Quantitation Method for Determination of Serum Cardiac Myosin Binding Protein-C by Electrochemiluminescence Immunoassay$h[electronic resource]
=260  \\$aCambridge, MA$bMyJoVE Corp$c2016
=300  \\$aonline resource (612 seconds)
=490  0\$aBiology
=500  \\$aTitle from resource description page
=520  \\$aMeasuring biomarkers in complex biological samples is increasingly guiding clinical decision-making. We describe a highly sensitive method to simultaneously measure cardiac myosin binding protein-C, creatine kinase MB, and cardiac troponin I in serum samples from subjects with myocardial infarction and healthy control subjects.
=521  \\$aFor undergraduate, graduate, and professional students
=546  \\$aEnglish
=650  \0$aBiology
=856  40$uhttps://www.jove.com/video/50786
=945  \\$aThe Whole World

