=LDR  00883ngm a2200000i 4500
=001  JoVEBiology50102
=008  161201s2016\\\\xx\\\\\g\\\\\\s\\\\\eng\d
=035  \\$a(OCoLC)733445860
=040  \\$aVaAlASP$cVaAlASP
=100  1\$aRodríguez-Casuriaga,Rosana
=245  12$aSimple and Efficient Technique for the Preparation of Testicular Cell Suspensions$h[electronic resource]
=260  \\$aCambridge, MA$bMyJoVE Corp$c2016
=300  \\$aonline resource (933 seconds)
=490  0\$aBiology
=500  \\$aTitle from resource description page
=520  \\$aA novel protocol for the mechanical preparation of testicular cell suspensions from rodent material, avoiding enzymes and detergents, is described. The method is very simple, fast, reproducible, and renders good quality cell suspensions, which are suitable for flow sorting and RNA extraction.
=521  \\$aFor undergraduate, graduate, and professional students
=546  \\$aEnglish
=650  \0$aBiology
=856  40$uhttps://www.jove.com/video/50102
=945  \\$aThe Whole World

