=LDR  00849ngm a2200000i 4500
=001  JoVEBiology4058
=008  161201s2016\\\\xx\\\\\g\\\\\\s\\\\\eng\d
=035  \\$a(OCoLC)733445860
=040  \\$aVaAlASP$cVaAlASP
=100  1\$aWessman,Per
=245  12$aFormulations for Freeze-drying of Bacteria and Their Influence on Cell Survival$h[electronic resource]
=260  \\$aCambridge, MA$bMyJoVE Corp$c2016
=300  \\$aonline resource (535 seconds)
=490  0\$aBiology
=500  \\$aTitle from resource description page
=520  \\$aFreeze-drying is often an easy and convenient way to obtain dry products of viable bacterial cells. An issue of the process is cell survival. We detail here a procedure to investigate how cell survival during freeze-drying is influenced by the properties of the formulation used.
=521  \\$aFor undergraduate, graduate, and professional students
=546  \\$aEnglish
=650  \0$aBiology
=856  40$uhttps://www.jove.com/video/4058
=945  \\$aThe Whole World

