=LDR  00930ngm a2200000i 4500
=001  JoVEMedicine50494
=008  161201s2016\\\\xx\\\\\g\\\\\\s\\\\\eng\d
=035  \\$a(OCoLC)733445860
=040  \\$aVaAlASP$cVaAlASP
=100  1\$aCahu,Julie
=245  12$aA Sensitive Method to Quantify Senescent Cancer Cells$h[electronic resource]
=260  \\$aCambridge, MA$bMyJoVE Corp$c2016
=300  \\$aonline resource (558 seconds)
=490  0\$aMedicine
=500  \\$aTitle from resource description page
=520  \\$aWhether senescence prevents or promotes tumorigenesis remains controversial. Since chemotherapeutical drugs can induce cancer cells to senesce, studying senescence is essential for proposing new therapies. However, the standard and broadly used β-galactosidase assay presents major drawbacks. We propose here a rapid and sensitive flow cytometry-based assay to quantify senescence.
=521  \\$aFor undergraduate, graduate, and professional students
=546  \\$aEnglish
=650  \0$aMedicine
=856  40$uhttps://www.jove.com/video/50494
=945  \\$aThe Whole World

