=LDR  00735ngm a2200000i 4500
=001  JoVEMedicine50411
=008  161201s2016\\\\xx\\\\\g\\\\\\s\\\\\eng\d
=035  \\$a(OCoLC)733445860
=040  \\$aVaAlASP$cVaAlASP
=100  1\$aNayagam,David  A. X.
=245  12$aTechniques for Processing Eyes Implanted With a Retinal Prosthesis for Localized Histopathological Analysis$h[electronic resource]
=260  \\$aCambridge, MA$bMyJoVE Corp$c2016
=300  \\$aonline resource (721 seconds)
=490  0\$aMedicine
=500  \\$aTitle from resource description page
=520  \\$aTechniques for visualizing retinal cytoarchitecture directly adjacent to individual electrodes within a retinal stimulator.
=521  \\$aFor undergraduate, graduate, and professional students
=546  \\$aEnglish
=650  \0$aMedicine
=856  40$uhttps://www.jove.com/video/50411
=945  \\$aThe Whole World

