=LDR  00914ngm a2200000i 4500
=001  JoVEMedicine50427
=008  161201s2016\\\\xx\\\\\g\\\\\\s\\\\\eng\d
=035  \\$a(OCoLC)733445860
=040  \\$aVaAlASP$cVaAlASP
=100  1\$aMüller,Hans-Peter
=245  12$aDiffusion Tensor Magnetic Resonance Imaging in the Analysis of Neurodegenerative Diseases$h[electronic resource]
=260  \\$aCambridge, MA$bMyJoVE Corp$c2016
=300  \\$aonline resource (573 seconds)
=490  0\$aMedicine
=500  \\$aTitle from resource description page
=520  \\$aDiffusion tensor imaging (DTI) basically serves as an MRI-based tool to identify in vivo the microstructure of the brain and pathological processes due to neurological disorders within the cerebral white matter. DTI-based analyses allow for application to brain diseases both at the group level and in single subject data.
=521  \\$aFor undergraduate, graduate, and professional students
=546  \\$aEnglish
=650  \0$aMedicine
=856  40$uhttps://www.jove.com/video/50427
=945  \\$aThe Whole World

