=LDR  00917ngm a2200000i 4500
=001  JoVEBiology50484
=008  161201s2016\\\\xx\\\\\g\\\\\\s\\\\\eng\d
=035  \\$a(OCoLC)733445860
=040  \\$aVaAlASP$cVaAlASP
=100  1\$aKaranasios,Eleftherios
=245  12$aLive Cell Imaging of Early Autophagy Events: Omegasomes and Beyond$h[electronic resource]
=260  \\$aCambridge, MA$bMyJoVE Corp$c2016
=300  \\$aonline resource (540 seconds)
=490  0\$aBiology
=500  \\$aTitle from resource description page
=520  \\$aTime-lapse microscopy of fluorescently labeled autophagy markers allows monitoring of the dynamic autophagy response with high temporal resolution. Using specific autophagy and organelle markers in a combination of 3 different colors, we can follow the contribution of a protein to autophagosome formation in a robust spatial and temporal context.
=521  \\$aFor undergraduate, graduate, and professional students
=546  \\$aEnglish
=650  \0$aBiology
=856  40$uhttps://www.jove.com/video/50484
=945  \\$aThe Whole World

