=LDR  00963ngm a2200000i 4500
=001  JoVEBiology50476
=008  161201s2016\\\\xx\\\\\g\\\\\\s\\\\\eng\d
=035  \\$a(OCoLC)733445860
=040  \\$aVaAlASP$cVaAlASP
=100  1\$aSmadbeck,James
=245  12$aProtein WISDOM: A Workbench for In silico De novo Design of BioMolecules$h[electronic resource]
=260  \\$aCambridge, MA$bMyJoVE Corp$c2016
=300  \\$aonline resource (658 seconds)
=490  0\$aBiology
=500  \\$aTitle from resource description page
=520  \\$aWe developed computational de novo protein design methods capable of tackling several important areas of protein design. To disseminate these methods we present Protein WISDOM, an online tool for protein design (http://www.proteinwisdom.org). Starting from a structural template, design of monomeric proteins for increased stability and complexes for increased binding affinity can be performed.
=521  \\$aFor undergraduate, graduate, and professional students
=546  \\$aEnglish
=650  \0$aBiology
=856  40$uhttps://www.jove.com/video/50476
=945  \\$aThe Whole World

