=LDR  01114ngm a2200000i 4500
=001  JoVEMedicine50537
=008  161201s2016\\\\xx\\\\\g\\\\\\s\\\\\eng\d
=035  \\$a(OCoLC)733445860
=040  \\$aVaAlASP$cVaAlASP
=100  1\$aRees,Hilary C.
=245  12$aMeasuring Frailty in HIV-infected Individuals. Identification of Frail Patients is the First Step to Amelioration and Reversal of Frailty$h[electronic resource]
=260  \\$aCambridge, MA$bMyJoVE Corp$c2016
=300  \\$aonline resource (353 seconds)
=490  0\$aMedicine
=500  \\$aTitle from resource description page
=520  \\$aFrailty syndrome is commonly seen in the aged and reflects multi-system physiological change. However, with reduced functional reserve and resilience frailty is also known to be common in the HIV infected population. This study outlined an easily administered screening test to identify HIV patients with frailty. When significant components of frailty are identified, clinicians will be able to focus on amelioration of the problem and promote reversion to the pre-frail state.
=521  \\$aFor undergraduate, graduate, and professional students
=546  \\$aEnglish
=650  \0$aMedicine
=856  40$uhttps://www.jove.com/video/50537
=945  \\$aThe Whole World

