=LDR  00842ngm a2200000i 4500
=001  JoVEBiology50539
=008  161201s2016\\\\xx\\\\\g\\\\\\s\\\\\eng\d
=035  \\$a(OCoLC)733445860
=040  \\$aVaAlASP$cVaAlASP
=100  1\$aSloboda,Darcée D.
=245  12$aForce Measurement During Contraction to Assess Muscle Function in Zebrafish Larvae$h[electronic resource]
=260  \\$aCambridge, MA$bMyJoVE Corp$c2016
=300  \\$aonline resource (505 seconds)
=490  0\$aBiology
=500  \\$aTitle from resource description page
=520  \\$aForce measurements can be used to demonstrate changes in muscle function due to development, injury, disease, treatment or chemical toxicity. In this video, we demonstrate a method to measure force during a maximal contraction of zebrafish larval trunk muscle.
=521  \\$aFor undergraduate, graduate, and professional students
=546  \\$aEnglish
=650  \0$aBiology
=856  40$uhttps://www.jove.com/video/50539
=945  \\$aThe Whole World

