=LDR  00951ngm a2200000i 4500
=001  JoVEBiology50521
=008  161201s2016\\\\xx\\\\\g\\\\\\s\\\\\eng\d
=035  \\$a(OCoLC)733445860
=040  \\$aVaAlASP$cVaAlASP
=100  1\$aLeuzinger,Kahlin
=245  12$aEfficient Agroinfiltration of Plants for High-level Transient Expression of Recombinant Proteins$h[electronic resource]
=260  \\$aCambridge, MA$bMyJoVE Corp$c2016
=300  \\$aonline resource (470 seconds)
=490  0\$aBiology
=500  \\$aTitle from resource description page
=520  \\$aPlants offer a novel system for the production of pharmaceutical proteins on a commercial scale that is more scalable, cost-efficient and safe than current expression paradigms. In this study, we report a simple and convenient, yet scalable approach to introduce target-gene containing Agrobacterium tumefaciens into plants for protein transient expression.
=521  \\$aFor undergraduate, graduate, and professional students
=546  \\$aEnglish
=650  \0$aBiology
=856  40$uhttps://www.jove.com/video/50521
=945  \\$aThe Whole World

