=LDR  00888ngm a2200000i 4500
=001  JoVEMedicine50418
=008  161201s2016\\\\xx\\\\\g\\\\\\s\\\\\eng\d
=035  \\$a(OCoLC)733445860
=040  \\$aVaAlASP$cVaAlASP
=100  1\$aDavis,Melissa  F.
=245  12$aPermanent Cerebral Vessel Occlusion via Double Ligature and Transection$h[electronic resource]
=260  \\$aCambridge, MA$bMyJoVE Corp$c2016
=300  \\$aonline resource (502 seconds)
=490  0\$aMedicine
=500  \\$aTitle from resource description page
=520  \\$aWe describe a highly reproducible method for the permanent occlusion of a rodent major cerebral blood vessel.  This technique can be accomplished with very little peripheral damage, minimal blood loss, a high rate of long-term survival, and consistent infarct volume commensurate with the human clinical population.
=521  \\$aFor undergraduate, graduate, and professional students
=546  \\$aEnglish
=650  \0$aMedicine
=856  40$uhttps://www.jove.com/video/50418
=945  \\$aThe Whole World

