=LDR  00872ngm a2200000i 4500
=001  JoVEBiology50463
=008  161201s2016\\\\xx\\\\\g\\\\\\s\\\\\eng\d
=035  \\$a(OCoLC)733445860
=040  \\$aVaAlASP$cVaAlASP
=100  1\$aDyer,Laura A.
=245  12$aIsolation of Embryonic Ventricular Endothelial Cells$h[electronic resource]
=260  \\$aCambridge, MA$bMyJoVE Corp$c2016
=300  \\$aonline resource (485 seconds)
=490  0\$aBiology
=500  \\$aTitle from resource description page
=520  \\$aPrimary cell culture is a useful technique for analyzing specific populations of cells, particularly from transgenic mouse embryos at specific developmental stages. Herein, embryonic ventricles are dissected and dissociated, and antibody-conjugated beads recognize and separate out the endothelial cells for further analysis.
=521  \\$aFor undergraduate, graduate, and professional students
=546  \\$aEnglish
=650  \0$aBiology
=856  40$uhttps://www.jove.com/video/50463
=945  \\$aThe Whole World

