=LDR  00933ngm a2200000i 4500
=001  JoVEMedicine50397
=008  161201s2016\\\\xx\\\\\g\\\\\\s\\\\\eng\d
=035  \\$a(OCoLC)733445860
=040  \\$aVaAlASP$cVaAlASP
=100  1\$aJeuthe,Sarah
=245  12$aAssessment of Cardiac Function and Myocardial Morphology Using Small Animal Look-locker Inversion Recovery (SALLI) MRI in Rats$h[electronic resource]
=260  \\$aCambridge, MA$bMyJoVE Corp$c2016
=300  \\$aonline resource (521 seconds)
=490  0\$aMedicine
=500  \\$aTitle from resource description page
=520  \\$aContrast enhanced cardiac magnetic resonance (CMR) imaging allows comprehensive in vivo assessment of the heart in small animal models of cardiovascular disease. Here we detail the procedures to perform CMR imaging, reconstruction and analysis using Small Animal Lock-Locker Inversion Recovery (SALLI) in rats.
=521  \\$aFor undergraduate, graduate, and professional students
=546  \\$aEnglish
=650  \0$aMedicine
=856  40$uhttps://www.jove.com/video/50397
=945  \\$aThe Whole World

