=LDR  00901ngm a2200000i 4500
=001  JoVEMedicine50178
=008  161201s2016\\\\xx\\\\\g\\\\\\s\\\\\eng\d
=035  \\$a(OCoLC)733445860
=040  \\$aVaAlASP$cVaAlASP
=100  1\$aAslan,Sevda C.
=245  12$aEvaluation of Respiratory Muscle Activation Using Respiratory Motor Control Assessment (RMCA) in Individuals with Chronic Spinal Cord Injury$h[electronic resource]
=260  \\$aCambridge, MA$bMyJoVE Corp$c2016
=300  \\$aonline resource (577 seconds)
=490  0\$aMedicine
=500  \\$aTitle from resource description page
=520  \\$aThe purpose of this publication is to present our original work on a multi-muscle surface electromyographic approach to quantitatively characterize respiratory muscle activation patterns in individuals with chronic spinal cord injury using vector-based analysis.
=521  \\$aFor undergraduate, graduate, and professional students
=546  \\$aEnglish
=650  \0$aMedicine
=856  40$uhttps://www.jove.com/video/50178
=945  \\$aThe Whole World

