=LDR  00914ngm a2200000i 4500
=001  JoVEBiology50456
=008  161201s2016\\\\xx\\\\\g\\\\\\s\\\\\eng\d
=035  \\$a(OCoLC)733445860
=040  \\$aVaAlASP$cVaAlASP
=100  1\$aZopf,Christopher J.
=245  12$aAcquiring Fluorescence Time-lapse Movies of Budding Yeast and Analyzing Single-cell Dynamics using GRAFTS$h[electronic resource]
=260  \\$aCambridge, MA$bMyJoVE Corp$c2016
=300  \\$aonline resource (1021 seconds)
=490  0\$aBiology
=500  \\$aTitle from resource description page
=520  \\$aWe present a simple protocol to obtain fluorescence microscopy movies of growing yeast cells, and a GUI-based software package to extract single-cell time series data. The analysis includes automated lineage and division time assignment integrated with visual inspection and manual curation of tracked data.
=521  \\$aFor undergraduate, graduate, and professional students
=546  \\$aEnglish
=650  \0$aBiology
=856  40$uhttps://www.jove.com/video/50456
=945  \\$aThe Whole World

