=LDR  00918ngm a2200000i 4500
=001  JoVEMedicine50522
=008  161201s2016\\\\xx\\\\\g\\\\\\s\\\\\eng\d
=035  \\$a(OCoLC)733445860
=040  \\$aVaAlASP$cVaAlASP
=100  1\$aSys,Gwen M.L.
=245  12$aThe In ovo CAM-assay as a Xenograft Model for Sarcoma$h[electronic resource]
=260  \\$aCambridge, MA$bMyJoVE Corp$c2016
=300  \\$aonline resource (764 seconds)
=490  0\$aMedicine
=500  \\$aTitle from resource description page
=520  \\$aThe in ovo chorioallantoic membrane (CAM) is grafted with fresh sarcoma-derived tumor tissues, their single cell suspensions, and permanent and transient fluorescently labeled established sarcoma cell lines. The model is used to study graft- (viability, Ki67 proliferation index, necrosis, infiltration) and host (fibroblast infiltration, vascular ingrowth) behavior.
=521  \\$aFor undergraduate, graduate, and professional students
=546  \\$aEnglish
=650  \0$aMedicine
=856  40$uhttps://www.jove.com/video/50522
=945  \\$aThe Whole World

