=LDR  00853ngm a2200000i 4500
=001  JoVEBiology50486
=008  161201s2016\\\\xx\\\\\g\\\\\\s\\\\\eng\d
=035  \\$a(OCoLC)733445860
=040  \\$aVaAlASP$cVaAlASP
=100  1\$aDyce,Paul William
=245  12$aDifferentiation of Newborn Mouse Skin Derived Stem Cells into Germ-like Cells In vitro$h[electronic resource]
=260  \\$aCambridge, MA$bMyJoVE Corp$c2016
=300  \\$aonline resource (587 seconds)
=490  0\$aBiology
=500  \\$aTitle from resource description page
=520  \\$aIn recent years the formation of germ cells using in vitro culture methods has been demonstrated using several different types of somatic stem cells. This article will visually present the differentiation of newborn mouse derived stem cells to early oocyte-like cells.
=521  \\$aFor undergraduate, graduate, and professional students
=546  \\$aEnglish
=650  \0$aBiology
=856  40$uhttps://www.jove.com/video/50486
=945  \\$aThe Whole World

