=LDR  00946ngm a2200000i 4500
=001  JoVEBiology50443
=008  161201s2016\\\\xx\\\\\g\\\\\\s\\\\\eng\d
=035  \\$a(OCoLC)733445860
=040  \\$aVaAlASP$cVaAlASP
=100  1\$aD'hondt,Catheleyne
=245  12$aMechanical Stimulation-induced Calcium Wave Propagation in Cell Monolayers: The Example of Bovine Corneal Endothelial Cells$h[electronic resource]
=260  \\$aCambridge, MA$bMyJoVE Corp$c2016
=300  \\$aonline resource (646 seconds)
=490  0\$aBiology
=500  \\$aTitle from resource description page
=520  \\$aIntercellular Ca2+-waves are driven by gap junction channels and hemichannels. Here, we describe a method to measure intercellular Ca2+-waves in cell monolayers in response to a local single-cell mechanical stimulus and its application to investigate the properties and regulation of gap junction channels and hemichannels.
=521  \\$aFor undergraduate, graduate, and professional students
=546  \\$aEnglish
=650  \0$aBiology
=856  40$uhttps://www.jove.com/video/50443
=945  \\$aThe Whole World

