=LDR  00995ngm a2200000i 4500
=001  JoVEMedicine50309
=008  161201s2016\\\\xx\\\\\g\\\\\\s\\\\\eng\d
=035  \\$a(OCoLC)733445860
=040  \\$aVaAlASP$cVaAlASP
=100  1\$aVillamar,Mauricio F.
=245  12$aTechnique and Considerations in the Use of 4x1 Ring High-definition Transcranial Direct Current Stimulation (HD-tDCS)$h[electronic resource]
=260  \\$aCambridge, MA$bMyJoVE Corp$c2016
=300  \\$aonline resource (905 seconds)
=490  0\$aMedicine
=500  \\$aTitle from resource description page
=520  \\$aHigh-definition transcranial direct current stimulation (HD-tDCS), with its 4x1-ring montage, is a noninvasive brain stimulation technique that combines both the neuromodulatory effects of conventional tDCS with increased focality. This article provides a systematic demonstration of the use of 4x1 HD-tDCS, and the considerations needed for safe and effective stimulation.
=521  \\$aFor undergraduate, graduate, and professional students
=546  \\$aEnglish
=650  \0$aMedicine
=856  40$uhttps://www.jove.com/video/50309
=945  \\$aThe Whole World

