=LDR  00959ngm a2200000i 4500
=001  JoVEBiology50436
=008  161201s2016\\\\xx\\\\\g\\\\\\s\\\\\eng\d
=035  \\$a(OCoLC)733445860
=040  \\$aVaAlASP$cVaAlASP
=100  1\$aLee,Sungsoo
=245  12$aReconstitution of a Kv Channel into Lipid Membranes for Structural and Functional Studies$h[electronic resource]
=260  \\$aCambridge, MA$bMyJoVE Corp$c2016
=300  \\$aonline resource (622 seconds)
=490  0\$aBiology
=500  \\$aTitle from resource description page
=520  \\$aProcedures for complete reconstitution of a prototype voltage-gated potassium channel into lipid membranes are described. The reconstituted channels are suitable for biochemical assays, electrical recordings, ligand screening and electron crystallographic studies. These methods may have general applications to the structural and functional studies of other membrane proteins.
=521  \\$aFor undergraduate, graduate, and professional students
=546  \\$aEnglish
=650  \0$aBiology
=856  40$uhttps://www.jove.com/video/50436
=945  \\$aThe Whole World

