=LDR  00933ngm a2200000i 4500
=001  JoVEBiology50346
=008  161201s2016\\\\xx\\\\\g\\\\\\s\\\\\eng\d
=035  \\$a(OCoLC)733445860
=040  \\$aVaAlASP$cVaAlASP
=100  1\$aCarreira-Rosario,Arnaldo
=245  12$aRecombineering Homologous Recombination Constructs in Drosophila$h[electronic resource]
=260  \\$aCambridge, MA$bMyJoVE Corp$c2016
=300  \\$aonline resource (863 seconds)
=490  0\$aBiology
=500  \\$aTitle from resource description page
=520  \\$aHomologous recombination techniques greatly advance Drosophila genetics by enabling the creation of molecularly precise mutations.  The recent adoption of recombineering allows one to manipulate large pieces of DNA and transform them into Drosophila6. The methods presented here combine these techniques to rapidly generate large homologous recombination vectors.
=521  \\$aFor undergraduate, graduate, and professional students
=546  \\$aEnglish
=650  \0$aBiology
=856  40$uhttps://www.jove.com/video/50346
=945  \\$aThe Whole World

