=LDR  00914ngm a2200000i 4500
=001  JoVEMedicine50509
=008  161201s2016\\\\xx\\\\\g\\\\\\s\\\\\eng\d
=035  \\$a(OCoLC)733445860
=040  \\$aVaAlASP$cVaAlASP
=100  1\$aGupta,Rishu
=245  12$aThe Goeckerman Regimen for the Treatment of Moderate to Severe Psoriasis$h[electronic resource]
=260  \\$aCambridge, MA$bMyJoVE Corp$c2016
=300  \\$aonline resource (700 seconds)
=490  0\$aMedicine
=500  \\$aTitle from resource description page
=520  \\$aPsoriasis is a chronic, immune-mediated inflammatory skin disease. The Goeckerman regimen, formulated for the treatment of psoriasis, consists of exposure to ultraviolet B (UVB) light and application of crude coal tar (CCT). The following protocol is for the administration of Goeckerman therapy for the treatment of moderate-to-severe psoriasis.
=521  \\$aFor undergraduate, graduate, and professional students
=546  \\$aEnglish
=650  \0$aMedicine
=856  40$uhttps://www.jove.com/video/50509
=945  \\$aThe Whole World

