=LDR  00769ngm a2200000i 4500
=001  JoVEMedicine50449
=008  161201s2016\\\\xx\\\\\g\\\\\\s\\\\\eng\d
=035  \\$a(OCoLC)733445860
=040  \\$aVaAlASP$cVaAlASP
=100  1\$aYamamoto,Kota
=245  12$aTechnical Aspects of the Mouse Aortocaval Fistula$h[electronic resource]
=260  \\$aCambridge, MA$bMyJoVE Corp$c2016
=300  \\$aonline resource (372 seconds)
=490  0\$aMedicine
=500  \\$aTitle from resource description page
=520  \\$aThe goal is to produce an arteriovenous fistula that is simple and reproducible. This method does not use sutures or glue adhesive. Therefore the samples can be used with the least amount of foreign materials for analysis.
=521  \\$aFor undergraduate, graduate, and professional students
=546  \\$aEnglish
=650  \0$aMedicine
=856  40$uhttps://www.jove.com/video/50449
=945  \\$aThe Whole World

