=LDR  00961ngm a2200000i 4500
=001  JoVEBiology50159
=008  161201s2016\\\\xx\\\\\g\\\\\\s\\\\\eng\d
=035  \\$a(OCoLC)733445860
=040  \\$aVaAlASP$cVaAlASP
=100  1\$aBerger,Imre
=245  12$aThe MultiBac Protein Complex Production Platform at the EMBL$h[electronic resource]
=260  \\$aCambridge, MA$bMyJoVE Corp$c2016
=300  \\$aonline resource (831 seconds)
=490  0\$aBiology
=500  \\$aTitle from resource description page
=520  \\$aProtein complexes catalyze key cellular functions. Detailed functional and structural characterization of many essential complexes requires recombinant production. MultiBac is a baculovirus/insect cell system particularly tailored for expressing eukaryotic proteins and their complexes. MultiBac was implemented as an open-access platform, and standard operating procedures developed to maximize its utility.
=521  \\$aFor undergraduate, graduate, and professional students
=546  \\$aEnglish
=650  \0$aBiology
=856  40$uhttps://www.jove.com/video/50159
=945  \\$aThe Whole World

