=LDR  00884ngm a2200000i 4500
=001  JoVEBiology50496
=008  161201s2016\\\\xx\\\\\g\\\\\\s\\\\\eng\d
=035  \\$a(OCoLC)733445860
=040  \\$aVaAlASP$cVaAlASP
=100  1\$aJones,Tiffani  A
=245  12$aExamination of Drosophila Larval Tracheal Terminal Cells by Light Microscopy$h[electronic resource]
=260  \\$aCambridge, MA$bMyJoVE Corp$c2016
=300  \\$aonline resource (515 seconds)
=490  0\$aBiology
=500  \\$aTitle from resource description page
=520  \\$aHere, we present a method for light microscopy analysis of tracheal terminal cells in Drosophila larvae. This method allows for quick examination of branch and lumen morphology in whole animals and would be useful for analysis of individual mutants or screens for mutations affecting terminal cell development.
=521  \\$aFor undergraduate, graduate, and professional students
=546  \\$aEnglish
=650  \0$aBiology
=856  40$uhttps://www.jove.com/video/50496
=945  \\$aThe Whole World

