=LDR  00945ngm a2200000i 4500
=001  JoVEBiology50432
=008  161201s2016\\\\xx\\\\\g\\\\\\s\\\\\eng\d
=035  \\$a(OCoLC)733445860
=040  \\$aVaAlASP$cVaAlASP
=100  1\$aAbrams,Jennifer L.
=245  12$aCoupled Assays for Monitoring Protein Refolding in Saccharomyces cerevisiae$h[electronic resource]
=260  \\$aCambridge, MA$bMyJoVE Corp$c2016
=300  \\$aonline resource (832 seconds)
=490  0\$aBiology
=500  \\$aTitle from resource description page
=520  \\$aThis article describes the use of a firefly luciferase-GFP fusion protein to investigate in vivo protein folding in Saccharomyces cerevisiae.  Using this reagent, refolding of a model heat-denatured protein can be monitored simultaneously by fluorescence microscopy and an enzymatic assay to probe the roles of proteostasis network components in protein quality control.
=521  \\$aFor undergraduate, graduate, and professional students
=546  \\$aEnglish
=650  \0$aBiology
=856  40$uhttps://www.jove.com/video/50432
=945  \\$aThe Whole World

