=LDR  00946ngm a2200000i 4500
=001  JoVEMedicine50740
=008  161201s2016\\\\xx\\\\\g\\\\\\s\\\\\eng\d
=035  \\$a(OCoLC)733445860
=040  \\$aVaAlASP$cVaAlASP
=100  1\$aRouer,Martin
=245  12$aA New Murine Model of Endovascular Aortic Aneurysm Repair$h[electronic resource]
=260  \\$aCambridge, MA$bMyJoVE Corp$c2016
=300  \\$aonline resource (531 seconds)
=490  0\$aMedicine
=500  \\$aTitle from resource description page
=520  \\$aHistological and biochemical modifications after aneurysm endograft exclusion are still unclear. We describe a new model of endograft implantation on a murine aneurysm. Through thrombus analysis with and without persistant circulating blood stream interface, and new endovascular biomaterials evaluation, this model will help to better understand endovascular aneurysm exclusion pathobiology.
=521  \\$aFor undergraduate, graduate, and professional students
=546  \\$aEnglish
=650  \0$aMedicine
=856  40$uhttps://www.jove.com/video/50740
=945  \\$aThe Whole World

