=LDR  00790ngm a2200000i 4500
=001  JoVEMedicine3779
=008  161201s2016\\\\xx\\\\\g\\\\\\s\\\\\eng\d
=035  \\$a(OCoLC)733445860
=040  \\$aVaAlASP$cVaAlASP
=100  1\$aVangipuram,Malini
=245  12$aSkin Punch Biopsy Explant Culture for Derivation of Primary Human Fibroblasts$h[electronic resource]
=260  \\$aCambridge, MA$bMyJoVE Corp$c2016
=300  \\$aonline resource (422 seconds)
=490  0\$aMedicine
=500  \\$aTitle from resource description page
=520  \\$aThe fibroblast explant culture protocol from human skin punch biopsies is a technically robust and simple way to derive skin cells within 4-8 weeks for banking of about 15-20 million cells at a low passage number.
=521  \\$aFor undergraduate, graduate, and professional students
=546  \\$aEnglish
=650  \0$aMedicine
=856  40$uhttps://www.jove.com/video/3779
=945  \\$aThe Whole World

