=LDR  00914ngm a2200000i 4500
=001  JoVEBiology50391
=008  161201s2016\\\\xx\\\\\g\\\\\\s\\\\\eng\d
=035  \\$a(OCoLC)733445860
=040  \\$aVaAlASP$cVaAlASP
=100  1\$aOrabi,Abrahim I.
=245  12$aPreparation of Pancreatic Acinar Cells for the Purpose of Calcium Imaging, Cell Injury Measurements, and Adenoviral Infection$h[electronic resource]
=260  \\$aCambridge, MA$bMyJoVE Corp$c2016
=300  \\$aonline resource (639 seconds)
=490  0\$aBiology
=500  \\$aTitle from resource description page
=520  \\$aWe describe a reproducible method of preparing mouse pancreatic acinar cells from a mouse for the purpose of examining acinar cell calcium signals and cellular injury with physiologically and pathologically relevant stimuli. A method for adenoviral infection of these cells is also provided.
=521  \\$aFor undergraduate, graduate, and professional students
=546  \\$aEnglish
=650  \0$aBiology
=856  40$uhttps://www.jove.com/video/50391
=945  \\$aThe Whole World

