=LDR  00978ngm a2200000i 4500
=001  JoVEMedicine50398
=008  161201s2016\\\\xx\\\\\g\\\\\\s\\\\\eng\d
=035  \\$a(OCoLC)733445860
=040  \\$aVaAlASP$cVaAlASP
=100  1\$avan Koppen,Arianne
=245  12$a5/6th Nephrectomy in Combination with High Salt Diet and Nitric Oxide Synthase Inhibition to Induce Chronic Kidney Disease in the Lewis Rat$h[electronic resource]
=260  \\$aCambridge, MA$bMyJoVE Corp$c2016
=300  \\$aonline resource (530 seconds)
=490  0\$aMedicine
=500  \\$aTitle from resource description page
=520  \\$aA two-stage method to establish chronic kidney disease (CKD) in the Lewis rat by surgically removing 5/6th of renal mass is described. Combination of the surgical procedure, NOS-inhibition and a high-salt diet leads to a model resembling human CKD, allowing study of causal mechanisms and development of novel therapeutic interventions.
=521  \\$aFor undergraduate, graduate, and professional students
=546  \\$aEnglish
=650  \0$aMedicine
=856  40$uhttps://www.jove.com/video/50398
=945  \\$aThe Whole World

