=LDR  00888ngm a2200000i 4500
=001  JoVEMedicine50369
=008  161201s2016\\\\xx\\\\\g\\\\\\s\\\\\eng\d
=035  \\$a(OCoLC)733445860
=040  \\$aVaAlASP$cVaAlASP
=100  1\$aKulak,Ozlem
=245  12$aA Multiplexed Luciferase-based Screening Platform for Interrogating Cancer-associated Signal Transduction in Cultured Cells$h[electronic resource]
=260  \\$aCambridge, MA$bMyJoVE Corp$c2016
=300  \\$aonline resource (613 seconds)
=490  0\$aMedicine
=500  \\$aTitle from resource description page
=520  \\$aAchieving a systems level understanding of cellular processes is a goal of modern-day cell biology. We describe here strategies for multiplexing luciferase reporters of various cellular function end-points to interrogate gene function using genome-scale RNAi libraries.
=521  \\$aFor undergraduate, graduate, and professional students
=546  \\$aEnglish
=650  \0$aMedicine
=856  40$uhttps://www.jove.com/video/50369
=945  \\$aThe Whole World

