=LDR  00764ngm a2200000i 4500
=001  JoVEBiology50235
=008  161201s2016\\\\xx\\\\\g\\\\\\s\\\\\eng\d
=035  \\$a(OCoLC)733445860
=040  \\$aVaAlASP$cVaAlASP
=100  1\$aVoigt,Niels
=245  12$aIsolation of Human Atrial Myocytes for Simultaneous Measurements of Ca2+ Transients and Membrane Currents$h[electronic resource]
=260  \\$aCambridge, MA$bMyJoVE Corp$c2016
=300  \\$aonline resource (652 seconds)
=490  0\$aBiology
=500  \\$aTitle from resource description page
=520  \\$aWe describe the isolation of human atrial myocytes which can be used for intracellular Ca2+ measurements in combination with electrophysiological patch-clamp studies.
=521  \\$aFor undergraduate, graduate, and professional students
=546  \\$aEnglish
=650  \0$aBiology
=856  40$uhttps://www.jove.com/video/50235
=945  \\$aThe Whole World

