=LDR  00959ngm a2200000i 4500
=001  JoVEMedicine50228
=008  161201s2016\\\\xx\\\\\g\\\\\\s\\\\\eng\d
=035  \\$a(OCoLC)733445860
=040  \\$aVaAlASP$cVaAlASP
=100  1\$aGarcia,Gabriella
=245  12$aUtilizing Repetitive Transcranial Magnetic Stimulation to Improve Language Function in Stroke Patients with Chronic Non-fluent Aphasia$h[electronic resource]
=260  \\$aCambridge, MA$bMyJoVE Corp$c2016
=300  \\$aonline resource (615 seconds)
=490  0\$aMedicine
=500  \\$aTitle from resource description page
=520  \\$aWe explore the use of repetitive transcranial magnetic stimulation (rTMS) to improve language abilities in patients with chronic stroke and non-fluent aphasia.  After identifying a site in the right frontal gyrus for each patient that responds optimally to stimulation, we target this site during ten days of rTMS treatment.
=521  \\$aFor undergraduate, graduate, and professional students
=546  \\$aEnglish
=650  \0$aMedicine
=856  40$uhttps://www.jove.com/video/50228
=945  \\$aThe Whole World

