=LDR  00877ngm a2200000i 4500
=001  JoVEMedicine50392
=008  161201s2016\\\\xx\\\\\g\\\\\\s\\\\\eng\d
=035  \\$a(OCoLC)733445860
=040  \\$aVaAlASP$cVaAlASP
=100  1\$aHodges,Ryan
=245  12$aFetal Echocardiography and Pulsed-wave Doppler Ultrasound in a Rabbit Model of Intrauterine Growth Restriction$h[electronic resource]
=260  \\$aCambridge, MA$bMyJoVE Corp$c2016
=300  \\$aonline resource (859 seconds)
=490  0\$aMedicine
=500  \\$aTitle from resource description page
=520  \\$aWe describe examination of fetal cardiac function with contemporary functional fetal echocardiography and fetoplacental Doppler ultrasound using the VisualSonics VEVO 2100 microultrasound in a surgically induced model of intrauterine fetal growth restriction in a rabbit.
=521  \\$aFor undergraduate, graduate, and professional students
=546  \\$aEnglish
=650  \0$aMedicine
=856  40$uhttps://www.jove.com/video/50392
=945  \\$aThe Whole World

