=LDR  00915ngm a2200000i 4500
=001  JoVEMedicine50364
=008  161201s2016\\\\xx\\\\\g\\\\\\s\\\\\eng\d
=035  \\$a(OCoLC)733445860
=040  \\$aVaAlASP$cVaAlASP
=100  1\$aLiu,Xiaobing
=245  12$aOsmotic Drug Delivery to Ischemic Hindlimbs and Perfusion of Vasculature with Microfil for Micro-Computed Tomography Imaging$h[electronic resource]
=260  \\$aCambridge, MA$bMyJoVE Corp$c2016
=300  \\$aonline resource (650 seconds)
=490  0\$aMedicine
=500  \\$aTitle from resource description page
=520  \\$aWe show here the in vivo insertion of an osmotic pump for constant local drug delivery and the creation of hindlimb ischemia in a mouse model. Moreover, the hindlimb vasculature is perfused with Microfil, a silicone radiopaque agent, to prepare for micro-computed tomography (micro-CT) imaging.
=521  \\$aFor undergraduate, graduate, and professional students
=546  \\$aEnglish
=650  \0$aMedicine
=856  40$uhttps://www.jove.com/video/50364
=945  \\$aThe Whole World

