=LDR  00946ngm a2200000i 4500
=001  JoVEBiology50429
=008  161201s2016\\\\xx\\\\\g\\\\\\s\\\\\eng\d
=035  \\$a(OCoLC)733445860
=040  \\$aVaAlASP$cVaAlASP
=100  1\$aDi Pasquale,Elisa
=245  12$aGeneration of Human Cardiomyocytes: A Differentiation Protocol from Feeder-free Human Induced Pluripotent Stem Cells$h[electronic resource]
=260  \\$aCambridge, MA$bMyJoVE Corp$c2016
=300  \\$aonline resource (798 seconds)
=490  0\$aBiology
=500  \\$aTitle from resource description page
=520  \\$aPluripotent stem cells, either embryonic or induced pluripotent stem (iPS) cells, constitute a valuable source of human differentiated cells, including cardiomyocytes. Here, we will focus on cardiac induction of iPS cells, showing how to use them to obtain functional human cardiomyocytes through an embryoid bodies-based protocol.
=521  \\$aFor undergraduate, graduate, and professional students
=546  \\$aEnglish
=650  \0$aBiology
=856  40$uhttps://www.jove.com/video/50429
=945  \\$aThe Whole World

