=LDR  00893ngm a2200000i 4500
=001  JoVEMedicine50395
=008  161201s2016\\\\xx\\\\\g\\\\\\s\\\\\eng\d
=035  \\$a(OCoLC)733445860
=040  \\$aVaAlASP$cVaAlASP
=100  1\$aChai,Ming G.
=245  12$aBioluminescent Orthotopic Model of Pancreatic Cancer Progression$h[electronic resource]
=260  \\$aCambridge, MA$bMyJoVE Corp$c2016
=300  \\$aonline resource (565 seconds)
=490  0\$aMedicine
=500  \\$aTitle from resource description page
=520  \\$aImproved understanding of pancreatic cancer biology is critically needed to enable the development of better therapeutic options to treat pancreatic cancer. To address this need, we demonstrate an orthotopic model of pancreatic cancer that permits non-invasive monitoring of cancer progression using in vivo bioluminescence imaging.
=521  \\$aFor undergraduate, graduate, and professional students
=546  \\$aEnglish
=650  \0$aMedicine
=856  40$uhttps://www.jove.com/video/50395
=945  \\$aThe Whole World

