=LDR  00786ngm a2200000i 4500
=001  JoVEBiology50434
=008  161201s2016\\\\xx\\\\\g\\\\\\s\\\\\eng\d
=035  \\$a(OCoLC)733445860
=040  \\$aVaAlASP$cVaAlASP
=100  1\$aSharp,Judith A.
=245  12$aProduction of Xenopus tropicalis Egg Extracts to Identify Microtubule-associated RNAs$h[electronic resource]
=260  \\$aCambridge, MA$bMyJoVE Corp$c2016
=300  \\$aonline resource (601 seconds)
=490  0\$aBiology
=500  \\$aTitle from resource description page
=520  \\$aWe describe the collection of unfertilized Xenopus tropicalis eggs and production of a meiosis II-arrested egg extract. This egg extract can be used to purify microtubules and microtubule-associated RNAs.
=521  \\$aFor undergraduate, graduate, and professional students
=546  \\$aEnglish
=650  \0$aBiology
=856  40$uhttps://www.jove.com/video/50434
=945  \\$aThe Whole World

