=LDR  00978ngm a2200000i 4500
=001  JoVEMedicine50319
=008  161201s2016\\\\xx\\\\\g\\\\\\s\\\\\eng\d
=035  \\$a(OCoLC)733445860
=040  \\$aVaAlASP$cVaAlASP
=100  1\$aSpetsieris,Phoebe
=245  12$aIdentification of Disease-related Spatial Covariance Patterns using Neuroimaging Data$h[electronic resource]
=260  \\$aCambridge, MA$bMyJoVE Corp$c2016
=300  \\$aonline resource (867 seconds)
=490  0\$aMedicine
=500  \\$aTitle from resource description page
=520  \\$aMultivariate techniques including principal component analysis (PCA) have been used to identify signature patterns of regional change in functional brain images. We have developed an algorithm to identify reproducible network biomarkers for the diagnosis of neurodegenerative disorders, assessment of disease progression, and objective evaluation of treatment effects in patient populations.
=521  \\$aFor undergraduate, graduate, and professional students
=546  \\$aEnglish
=650  \0$aMedicine
=856  40$uhttps://www.jove.com/video/50319
=945  \\$aThe Whole World

