=LDR  00876ngm a2200000i 4500
=001  JoVEBiology50448
=008  161201s2016\\\\xx\\\\\g\\\\\\s\\\\\eng\d
=035  \\$a(OCoLC)733445860
=040  \\$aVaAlASP$cVaAlASP
=100  1\$aWang,Xiaowen
=245  12$aPreparation of the Mgm101 Recombination Protein by MBP-based Tagging Strategy$h[electronic resource]
=260  \\$aCambridge, MA$bMyJoVE Corp$c2016
=300  \\$aonline resource (700 seconds)
=490  0\$aBiology
=500  \\$aTitle from resource description page
=520  \\$aThe yeast mitochondrial nucleoid protein, Mgm101, is a Rad52-type recombination protein that forms large oligomeric rings. A protocol is described to prepare soluble recombinant Mgm101 using the Maltose Binding Protein (MBP)-tagging strategy coupled with cation exchange and size exclusion chromatography.
=521  \\$aFor undergraduate, graduate, and professional students
=546  \\$aEnglish
=650  \0$aBiology
=856  40$uhttps://www.jove.com/video/50448
=945  \\$aThe Whole World

