=LDR  00709ngm a2200000i 4500
=001  JoVEBiology50447
=008  161201s2016\\\\xx\\\\\g\\\\\\s\\\\\eng\d
=035  \\$a(OCoLC)733445860
=040  \\$aVaAlASP$cVaAlASP
=100  1\$aPrasain,Jeevan K.
=245  12$aProstaglandin Extraction and Analysis in Caenorhabditis elegans$h[electronic resource]
=260  \\$aCambridge, MA$bMyJoVE Corp$c2016
=300  \\$aonline resource (530 seconds)
=490  0\$aBiology
=500  \\$aTitle from resource description page
=520  \\$aIn this paper, we describe an optimized procedure for extracting and analyzing prostaglandins and other eicosanoids from C. elegans using LC-MS/MS.
=521  \\$aFor undergraduate, graduate, and professional students
=546  \\$aEnglish
=650  \0$aBiology
=856  40$uhttps://www.jove.com/video/50447
=945  \\$aThe Whole World

