=LDR  01054ngm a2200000i 4500
=001  JoVEMedicine50045
=008  161201s2016\\\\xx\\\\\g\\\\\\s\\\\\eng\d
=035  \\$a(OCoLC)733445860
=040  \\$aVaAlASP$cVaAlASP
=100  1\$aLindekaer,Astrid Listov
=245  12$aDeep Neuromuscular Blockade Leads to a Larger Intraabdominal Volume During Laparoscopy$h[electronic resource]
=260  \\$aCambridge, MA$bMyJoVE Corp$c2016
=300  \\$aonline resource (530 seconds)
=490  0\$aMedicine
=500  \\$aTitle from resource description page
=520  \\$a 
This article presents a method for measuring the working abdominal volume during laproscopic myomectomy using the surgical grasper, and applies this technique to obtain pilot data on whether deep neuromuscular blockade (NMB) can enable the use of lower insufflation pressure.  Reduced insufflation pressure during laproscopic surgery has been shown to reduce post-operative pain, and thus the use of NMB during surgery may enable improved patient outcomes. 
=521  \\$aFor undergraduate, graduate, and professional students
=546  \\$aEnglish
=650  \0$aMedicine
=856  40$uhttps://www.jove.com/video/50045
=945  \\$aThe Whole World

