=LDR  00977ngm a2200000i 4500
=001  JoVEMedicine50327
=008  161201s2016\\\\xx\\\\\g\\\\\\s\\\\\eng\d
=035  \\$a(OCoLC)733445860
=040  \\$aVaAlASP$cVaAlASP
=100  1\$aCai,Yi
=245  12$aFormation of Human Prostate Epithelium Using Tissue Recombination of Rodent Urogenital Sinus Mesenchyme and Human Stem Cells$h[electronic resource]
=260  \\$aCambridge, MA$bMyJoVE Corp$c2016
=300  \\$aonline resource (524 seconds)
=490  0\$aMedicine
=500  \\$aTitle from resource description page
=520  \\$aTo unravel the earliest molecular mechanisms underlying prostate cancer initiation, novel and innovative human model systems and approaches are desperately needed.  The potential of pre-prostatic urogenital sinus mesenchyme (UGSM) to induce pluripotent stem cell populations to form human prostate epithelium is a powerful experimental tool in prostate research.
=521  \\$aFor undergraduate, graduate, and professional students
=546  \\$aEnglish
=650  \0$aMedicine
=856  40$uhttps://www.jove.com/video/50327
=945  \\$aThe Whole World

