=LDR  00884ngm a2200000i 4500
=001  JoVEMedicine50173
=008  161201s2016\\\\xx\\\\\g\\\\\\s\\\\\eng\d
=035  \\$a(OCoLC)733445860
=040  \\$aVaAlASP$cVaAlASP
=100  1\$aSanderson,Thomas H.
=245  12$a2-Vessel Occlusion/Hypotension: A Rat Model of Global Brain Ischemia$h[electronic resource]
=260  \\$aCambridge, MA$bMyJoVE Corp$c2016
=300  \\$aonline resource (569 seconds)
=490  0\$aMedicine
=500  \\$aTitle from resource description page
=520  \\$aBilateral carotid occlusion coupled with systemic hypotension produces global brain ischemia in the rat, resulting in damage to the hippocampus with reproducible severity. Animal subjects are impaired with predictable patterns of brain damage, they recover expediently, and mortality rates are comparatively low.
=521  \\$aFor undergraduate, graduate, and professional students
=546  \\$aEnglish
=650  \0$aMedicine
=856  40$uhttps://www.jove.com/video/50173
=945  \\$aThe Whole World

