=LDR  00890ngm a2200000i 4500
=001  JoVEBiology50366
=008  161201s2016\\\\xx\\\\\g\\\\\\s\\\\\eng\d
=035  \\$a(OCoLC)733445860
=040  \\$aVaAlASP$cVaAlASP
=100  1\$aFaust,Dörte
=245  12$aCulturing Primary Rat Inner Medullary Collecting Duct Cells$h[electronic resource]
=260  \\$aCambridge, MA$bMyJoVE Corp$c2016
=300  \\$aonline resource (371 seconds)
=490  0\$aBiology
=500  \\$aTitle from resource description page
=520  \\$aArginine-vasopressin (AVP) controls fine-tuning of body water homeostasis through facilitating water reabsorption by renal principal cells. Here, we present a protocol for the cultivation of primary rat inner medullary collecting duct cells suitable for the elucidation of molecular mechanisms underlying AVP-mediated water reabsorption.
=521  \\$aFor undergraduate, graduate, and professional students
=546  \\$aEnglish
=650  \0$aBiology
=856  40$uhttps://www.jove.com/video/50366
=945  \\$aThe Whole World

