=LDR  01015ngm a2200000i 4500
=001  JoVEBiology50316
=008  161201s2016\\\\xx\\\\\g\\\\\\s\\\\\eng\d
=035  \\$a(OCoLC)733445860
=040  \\$aVaAlASP$cVaAlASP
=100  1\$aBardita,Cristina
=245  12$aLong-term Silencing of Intersectin-1s in Mouse Lungs by Repeated Delivery of a Specific siRNA via Cationic Liposomes. Evaluation of Knockdown Effects by Electron Microscopy$h[electronic resource]
=260  \\$aCambridge, MA$bMyJoVE Corp$c2016
=300  \\$aonline resource (265 seconds)
=490  0\$aBiology
=500  \\$aTitle from resource description page
=520  \\$aRepeated retro-orbital injections of cationic liposomes/siRNA/ITSN-1s complexes in mice, every 72 hours for 24 days, efficiently deliver the siRNA duplex to the mouse lung microvasculature reducing ITSN-1s mRNA and protein expression by 75%. This technique is highly reproducible in an animal model, has no adverse effects and avoids fatalities.
=521  \\$aFor undergraduate, graduate, and professional students
=546  \\$aEnglish
=650  \0$aBiology
=856  40$uhttps://www.jove.com/video/50316
=945  \\$aThe Whole World

