=LDR  00937ngm a2200000i 4500
=001  JoVEBiology50227
=008  161201s2016\\\\xx\\\\\g\\\\\\s\\\\\eng\d
=035  \\$a(OCoLC)733445860
=040  \\$aVaAlASP$cVaAlASP
=100  1\$aCollins,Marcus D.
=245  12$aGiant Liposome Preparation for Imaging and Patch-Clamp Electrophysiology$h[electronic resource]
=260  \\$aCambridge, MA$bMyJoVE Corp$c2016
=300  \\$aonline resource (543 seconds)
=490  0\$aBiology
=500  \\$aTitle from resource description page
=520  \\$aReconstituting functional membrane proteins into giant liposomes of defined composition is a powerful approach when combined with patch-clamp electrophysiology. However, conventional giant liposome production may be incompatible with protein stability.  We describe protocols for producing giant liposomes from pure lipids or small liposomes containing ion channels.
=521  \\$aFor undergraduate, graduate, and professional students
=546  \\$aEnglish
=650  \0$aBiology
=856  40$uhttps://www.jove.com/video/50227
=945  \\$aThe Whole World

