=LDR  01007ngm a2200000i 4500
=001  JoVEMedicine50363
=008  161201s2016\\\\xx\\\\\g\\\\\\s\\\\\eng\d
=035  \\$a(OCoLC)733445860
=040  \\$aVaAlASP$cVaAlASP
=100  1\$aBurrell,Kelly
=245  12$aA Novel High-resolution In vivo Imaging Technique to Study the Dynamic Response of Intracranial Structures to Tumor Growth and Therapeutics$h[electronic resource]
=260  \\$aCambridge, MA$bMyJoVE Corp$c2016
=300  \\$aonline resource (729 seconds)
=490  0\$aMedicine
=500  \\$aTitle from resource description page
=520  \\$aWe describe a novel in vivo imaging technique that couples fluorescent chimeric mice with intracranial windows and high-resolution 2-photon microscopy. This imaging platform aids studies of dynamic changes in brain tissue and microvasculature, at a single-cell level, following pathological insults and is adaptable to assess intracranial drug delivery and distribution.
=521  \\$aFor undergraduate, graduate, and professional students
=546  \\$aEnglish
=650  \0$aMedicine
=856  40$uhttps://www.jove.com/video/50363
=945  \\$aThe Whole World

