=LDR  00993ngm a2200000i 4500
=001  JoVEMedicine50365
=008  161201s2016\\\\xx\\\\\g\\\\\\s\\\\\eng\d
=035  \\$a(OCoLC)733445860
=040  \\$aVaAlASP$cVaAlASP
=100  1\$aZhang,Charles
=245  12$aCoculture Analysis of Extracellular Protein Interactions Affecting Insulin Secretion by Pancreatic Beta Cells$h[electronic resource]
=260  \\$aCambridge, MA$bMyJoVE Corp$c2016
=300  \\$aonline resource (351 seconds)
=490  0\$aMedicine
=500  \\$aTitle from resource description page
=520  \\$aTranscellular protein interactions are important determinants of pancreatic beta-cell function. Detailed here is a method—adapted from a coculture model of synaptogenesis—for investigating how specific transmembrane proteins influence insulin secretion. Transfected HEK293 cells express proteins of interest; beta cells do not need to be transfected or otherwise directly perturbed.
=521  \\$aFor undergraduate, graduate, and professional students
=546  \\$aEnglish
=650  \0$aMedicine
=856  40$uhttps://www.jove.com/video/50365
=945  \\$aThe Whole World

