=LDR  00944ngm a2200000i 4500
=001  JoVEBiology50294
=008  161201s2016\\\\xx\\\\\g\\\\\\s\\\\\eng\d
=035  \\$a(OCoLC)733445860
=040  \\$aVaAlASP$cVaAlASP
=100  1\$aMcDonald,Marguerite K.
=245  12$aPurification and microRNA Profiling of Exosomes Derived from Blood and Culture Media$h[electronic resource]
=260  \\$aCambridge, MA$bMyJoVE Corp$c2016
=300  \\$aonline resource (645 seconds)
=490  0\$aBiology
=500  \\$aTitle from resource description page
=520  \\$aThe presence of stable microRNAs (miRNAs) in exosomes has generated immense interest as a novel mode of intercellular communication, for their potential utility as biomarkers and as a route for therapeutic intervention. Here we demonstrate exosome purification from blood and culture media followed by quantitative PCR to identify miRNAs being transported.
=521  \\$aFor undergraduate, graduate, and professional students
=546  \\$aEnglish
=650  \0$aBiology
=856  40$uhttps://www.jove.com/video/50294
=945  \\$aThe Whole World

