=LDR  00905ngm a2200000i 4500
=001  JoVEMedicine50370
=008  161201s2016\\\\xx\\\\\g\\\\\\s\\\\\eng\d
=035  \\$a(OCoLC)733445860
=040  \\$aVaAlASP$cVaAlASP
=100  1\$aLabat-gest,Vivien
=245  12$aPhotothrombotic Ischemia: A Minimally Invasive and Reproducible Photochemical Cortical Lesion Model for Mouse Stroke Studies$h[electronic resource]
=260  \\$aCambridge, MA$bMyJoVE Corp$c2016
=300  \\$aonline resource (520 seconds)
=490  0\$aMedicine
=500  \\$aTitle from resource description page
=520  \\$aPhotothrombosis is a quick, minimally-invasive technique for inducing small and well-delimited infarction in areas of interest in highly reproducible manner. It is particularly suitable for studying cellular and molecular responses underlying brain plasticity in transgenic mice.
=521  \\$aFor undergraduate, graduate, and professional students
=546  \\$aEnglish
=650  \0$aMedicine
=856  40$uhttps://www.jove.com/video/50370
=945  \\$aThe Whole World

