=LDR  00965ngm a2200000i 4500
=001  JoVEMedicine50473
=008  161201s2016\\\\xx\\\\\g\\\\\\s\\\\\eng\d
=035  \\$a(OCoLC)733445860
=040  \\$aVaAlASP$cVaAlASP
=100  1\$aEdmunds,Marie-Claire
=245  12$aIn situ Transverse Rectus Abdominis Myocutaneous Flap: A Rat Model of Myocutaneous Ischemia Reperfusion Injury$h[electronic resource]
=260  \\$aCambridge, MA$bMyJoVE Corp$c2016
=300  \\$aonline resource (672 seconds)
=490  0\$aMedicine
=500  \\$aTitle from resource description page
=520  \\$aFree tissue transfer is widely employed in reconstructive surgery to restore form and function following oncological resection and trauma. Preconditioning this tissue prior to surgery may improve outcome. This article describes an in situ transverse rectus abdominis myocutaneous flap (TRAM) in rats as a means for testing preconditioning strategies.
=521  \\$aFor undergraduate, graduate, and professional students
=546  \\$aEnglish
=650  \0$aMedicine
=856  40$uhttps://www.jove.com/video/50473
=945  \\$aThe Whole World

