=LDR  00950ngm a2200000i 4500
=001  JoVEBiology50371
=008  161201s2016\\\\xx\\\\\g\\\\\\s\\\\\eng\d
=035  \\$a(OCoLC)733445860
=040  \\$aVaAlASP$cVaAlASP
=100  1\$aRaissig,Michael T.
=245  12$aEfficient and Rapid Isolation of Early-stage Embryos from Arabidopsis thaliana Seeds$h[electronic resource]
=260  \\$aCambridge, MA$bMyJoVE Corp$c2016
=300  \\$aonline resource (485 seconds)
=490  0\$aBiology
=500  \\$aTitle from resource description page
=520  \\$aWe report an efficient and simple method to isolate embryos at early stages of development from Arabidopsis thaliana seeds. Up to 40 embryos can be isolated in 1 hr to 4 hr, depending on the downstream application. The procedure is suitable for transcriptome, DNA methylation, reporter gene expression, immunostaining and fluorescence in situ hybridization analyses.
=521  \\$aFor undergraduate, graduate, and professional students
=546  \\$aEnglish
=650  \0$aBiology
=856  40$uhttps://www.jove.com/video/50371
=945  \\$aThe Whole World

