=LDR  00861ngm a2200000i 4500
=001  JoVEBiology50328
=008  161201s2016\\\\xx\\\\\g\\\\\\s\\\\\eng\d
=035  \\$a(OCoLC)733445860
=040  \\$aVaAlASP$cVaAlASP
=100  1\$aShahid,Mohd
=245  12$aAssessing Murine Resistance Artery Function Using Pressure Myography$h[electronic resource]
=260  \\$aCambridge, MA$bMyJoVE Corp$c2016
=300  \\$aonline resource (445 seconds)
=490  0\$aBiology
=500  \\$aTitle from resource description page
=520  \\$aIn pressure myography, an intact small segment of a vessel is mounted onto two small cannulas and pressurized to a suitable luminal pressure. Here, we describe the method to measure vasorelaxation response of the mouse 3rd order mesenteric arteries in c57 and sGCα1-/- mice using pressure myography.
=521  \\$aFor undergraduate, graduate, and professional students
=546  \\$aEnglish
=650  \0$aBiology
=856  40$uhttps://www.jove.com/video/50328
=945  \\$aThe Whole World

