=LDR  00785ngm a2200000i 4500
=001  JoVEMedicine2610
=008  161201s2016\\\\xx\\\\\g\\\\\\s\\\\\eng\d
=035  \\$a(OCoLC)733445860
=040  \\$aVaAlASP$cVaAlASP
=100  1\$aDeacon,Robert M.J.
=245  12$aMeasuring the Strength of Mice$h[electronic resource]
=260  \\$aCambridge, MA$bMyJoVE Corp$c2016
=300  \\$aonline resource (377 seconds)
=490  0\$aMedicine
=500  \\$aTitle from resource description page
=520  \\$aDeficits in muscular strength occur in many clinical conditions such as motor neuron disease. The inverted screen and weight lifting tests described here measure strength in mice almost exclusively, with minimal influence of factors such as coordination.
=521  \\$aFor undergraduate, graduate, and professional students
=546  \\$aEnglish
=650  \0$aMedicine
=856  40$uhttps://www.jove.com/video/2610
=945  \\$aThe Whole World

