=LDR  00887ngm a2200000i 4500
=001  JoVEBiology50390
=008  161201s2016\\\\xx\\\\\g\\\\\\s\\\\\eng\d
=035  \\$a(OCoLC)733445860
=040  \\$aVaAlASP$cVaAlASP
=100  1\$aKaras,Vlad  O.
=245  12$aApplication of an In vitro DNA Protection Assay to Visualize Stress Mediation Properties of the Dps Protein$h[electronic resource]
=260  \\$aCambridge, MA$bMyJoVE Corp$c2016
=300  \\$aonline resource (761 seconds)
=490  0\$aBiology
=500  \\$aTitle from resource description page
=520  \\$aThe DNA-binding protein from starved cells (Dps) plays a crucial role in combating bacterial stress. This article discusses the purification of E. coli Dps and the protocol for an in vitro assay demonstrating Dps-mediated protection of DNA from degradation by reactive oxygen species.
=521  \\$aFor undergraduate, graduate, and professional students
=546  \\$aEnglish
=650  \0$aBiology
=856  40$uhttps://www.jove.com/video/50390
=945  \\$aThe Whole World

