=LDR  00665ngm a2200000i 4500
=001  JoVEMedicine50265
=008  161201s2016\\\\xx\\\\\g\\\\\\s\\\\\eng\d
=035  \\$a(OCoLC)733445860
=040  \\$aVaAlASP$cVaAlASP
=100  1\$aDunn,Louise
=245  12$aMurine Model of Wound Healing$h[electronic resource]
=260  \\$aCambridge, MA$bMyJoVE Corp$c2016
=300  \\$aonline resource (339 seconds)
=490  0\$aMedicine
=500  \\$aTitle from resource description page
=520  \\$aA murine model of cutaneous wound healing that can be used to assess therapeutic compounds in physiological and pathophysiological settings.
=521  \\$aFor undergraduate, graduate, and professional students
=546  \\$aEnglish
=650  \0$aMedicine
=856  40$uhttps://www.jove.com/video/50265
=945  \\$aThe Whole World

