=LDR  00745ngm a2200000i 4500
=001  JoVEMedicine50175
=008  161201s2016\\\\xx\\\\\g\\\\\\s\\\\\eng\d
=035  \\$a(OCoLC)733445860
=040  \\$aVaAlASP$cVaAlASP
=100  1\$aHeckman,Carolyn J.
=245  12$aMinimal Erythema Dose (MED) Testing$h[electronic resource]
=260  \\$aCambridge, MA$bMyJoVE Corp$c2016
=300  \\$aonline resource (384 seconds)
=490  0\$aMedicine
=500  \\$aTitle from resource description page
=520  \\$aThis article describes how to conduct minimal erythema dose (MED) testing in order to determine the lowest dose of ultraviolet radiation that will cause erythema (burning) when administered to an individual.
=521  \\$aFor undergraduate, graduate, and professional students
=546  \\$aEnglish
=650  \0$aMedicine
=856  40$uhttps://www.jove.com/video/50175
=945  \\$aThe Whole World

