=LDR  01023ngm a2200000i 4500
=001  JoVEBiology50344
=008  161201s2016\\\\xx\\\\\g\\\\\\s\\\\\eng\d
=035  \\$a(OCoLC)733445860
=040  \\$aVaAlASP$cVaAlASP
=100  1\$aMata-Martínez,Esperanza
=245  12$aMeasuring Intracellular Ca2+ Changes in Human Sperm using Four Techniques: Conventional Fluorometry, Stopped Flow Fluorometry, Flow Cytometry and Single Cell Imaging$h[electronic resource]
=260  \\$aCambridge, MA$bMyJoVE Corp$c2016
=300  \\$aonline resource (1166 seconds)
=490  0\$aBiology
=500  \\$aTitle from resource description page
=520  \\$aIntracellular Ca2+ dynamics are very important in sperm physiology and Ca2+-sensitive fluorescent dyes constitute a versatile tool to study them. Population experiments (fluorometry and stopped flow fluorometry) and single cell experiments (flow cytometry and single cell imaging) are used to track spatio-temporal [Ca2+] changes in human sperm cells.
=521  \\$aFor undergraduate, graduate, and professional students
=546  \\$aEnglish
=650  \0$aBiology
=856  40$uhttps://www.jove.com/video/50344
=945  \\$aThe Whole World

