=LDR  00845ngm a2200000i 4500
=001  JoVEBiology50246
=008  161201s2016\\\\xx\\\\\g\\\\\\s\\\\\eng\d
=035  \\$a(OCoLC)733445860
=040  \\$aVaAlASP$cVaAlASP
=100  1\$aAxelrad,Mary Derasmo
=245  12$aTelomere Length and Telomerase Activity; A Yin and Yang of Cell Senescence$h[electronic resource]
=260  \\$aCambridge, MA$bMyJoVE Corp$c2016
=300  \\$aonline resource (728 seconds)
=490  0\$aBiology
=500  \\$aTitle from resource description page
=520  \\$aAn accurate, short, sophisticated and cheap method is described that assesses telomere length in multiple tissues and species using qRT-PCR. In addition, we will describe a simple assay to assess telomerase activity as a complementary backbone test for telomere length.
=521  \\$aFor undergraduate, graduate, and professional students
=546  \\$aEnglish
=650  \0$aBiology
=856  40$uhttps://www.jove.com/video/50246
=945  \\$aThe Whole World

