=LDR  00984ngm a2200000i 4500
=001  JoVEMedicine4423
=008  161201s2016\\\\xx\\\\\g\\\\\\s\\\\\eng\d
=035  \\$a(OCoLC)733445860
=040  \\$aVaAlASP$cVaAlASP
=100  1\$aBerninger,Markus T.
=245  12$aTreatment of Osteochondral Defects in the Rabbit's Knee Joint by Implantation of Allogeneic Mesenchymal Stem Cells in Fibrin Clots$h[electronic resource]
=260  \\$aCambridge, MA$bMyJoVE Corp$c2016
=300  \\$aonline resource (682 seconds)
=490  0\$aMedicine
=500  \\$aTitle from resource description page
=520  \\$aAn experimental technique for the treatment of osteochondral defects in the rabbit's knee joint is described. The implantation of allogeneic mesenchymal stem cells into osteochondral defects provides a promising development in the field of tissue engineering. The preparation of fibrin-cell-clots in vitro offers a standardized method for implantation.
=521  \\$aFor undergraduate, graduate, and professional students
=546  \\$aEnglish
=650  \0$aMedicine
=856  40$uhttps://www.jove.com/video/4423
=945  \\$aThe Whole World

