=LDR  01046ngm a2200000i 4500
=001  JoVEMedicine4422
=008  161201s2016\\\\xx\\\\\g\\\\\\s\\\\\eng\d
=035  \\$a(OCoLC)733445860
=040  \\$aVaAlASP$cVaAlASP
=100  1\$aBerninger,Markus T.
=245  12$aMatrix-assisted Autologous Chondrocyte Transplantation for Remodeling and Repair of Chondral Defects in a Rabbit Model$h[electronic resource]
=260  \\$aCambridge, MA$bMyJoVE Corp$c2016
=300  \\$aonline resource (538 seconds)
=490  0\$aMedicine
=500  \\$aTitle from resource description page
=520  \\$aAn experimental technique for the treatment of chondral defects in the rabbit's knee joint is described. The implantation of autologous chondrocytes seeded on a matrix is a well-accepted method for the remodeling and repair of articular cartilage lesions providing satisfying long-term results. Matrix-assisted autologous chondrocyte transplantation (MACT) offers a standardized and clinically established implantation method.
=521  \\$aFor undergraduate, graduate, and professional students
=546  \\$aEnglish
=650  \0$aMedicine
=856  40$uhttps://www.jove.com/video/4422
=945  \\$aThe Whole World

