=LDR  00945ngm a2200000i 4500
=001  JoVEBiology4241
=008  161201s2016\\\\xx\\\\\g\\\\\\s\\\\\eng\d
=035  \\$a(OCoLC)733445860
=040  \\$aVaAlASP$cVaAlASP
=100  1\$aWaters,Jon
=245  12$aA Practical and Novel Method to Extract Genomic DNA from Blood Collection Kits for Plasma Protein Preservation$h[electronic resource]
=260  \\$aCambridge, MA$bMyJoVE Corp$c2016
=300  \\$aonline resource (643 seconds)
=490  0\$aBiology
=500  \\$aTitle from resource description page
=520  \\$aWe are describing a new method of isolating genomic DNA from whole blood collected for plasma/serology.  After plasma collection, the compacted blood is usually discarded. Our novel method represents a significant improvement over existing methods and makes DNA and plasma available from a single collection, without requesting additional blood.
=521  \\$aFor undergraduate, graduate, and professional students
=546  \\$aEnglish
=650  \0$aBiology
=856  40$uhttps://www.jove.com/video/4241
=945  \\$aThe Whole World

