=LDR  00799ngm a2200000i 4500
=001  JoVEMedicine50210
=008  161201s2016\\\\xx\\\\\g\\\\\\s\\\\\eng\d
=035  \\$a(OCoLC)733445860
=040  \\$aVaAlASP$cVaAlASP
=100  1\$aXue,Xiang
=245  12$aIn vitro Organoid Culture of Primary Mouse Colon Tumors$h[electronic resource]
=260  \\$aCambridge, MA$bMyJoVE Corp$c2016
=300  \\$aonline resource (453 seconds)
=490  0\$aMedicine
=500  \\$aTitle from resource description page
=520  \\$aA simple method to establish primary murine colon tumor organoid is described. This method utilizes the feature that colon tumor cells survive and grow into organoids in media containing limited growth factors, whereas normal colon epithelial do not.
=521  \\$aFor undergraduate, graduate, and professional students
=546  \\$aEnglish
=650  \0$aMedicine
=856  40$uhttps://www.jove.com/video/50210
=945  \\$aThe Whole World

