=LDR  00905ngm a2200000i 4500
=001  JoVEBiology50172
=008  161201s2016\\\\xx\\\\\g\\\\\\s\\\\\eng\d
=035  \\$a(OCoLC)733445860
=040  \\$aVaAlASP$cVaAlASP
=100  1\$aMcGovern,Toby  K.
=245  12$aEvaluation of Respiratory System Mechanics in Mice using the Forced Oscillation Technique$h[electronic resource]
=260  \\$aCambridge, MA$bMyJoVE Corp$c2016
=300  \\$aonline resource (790 seconds)
=490  0\$aBiology
=500  \\$aTitle from resource description page
=520  \\$aThe present protocol provides a detailed step-by-step description of the procedures required to execute measurements of respiratory system mechanics as well as the assessment of airway responsiveness to inhaled methacholine in mice using the forced oscillation technique (flexiVent; SCIREQ Inc, Montreal, Qc, Canada).
=521  \\$aFor undergraduate, graduate, and professional students
=546  \\$aEnglish
=650  \0$aBiology
=856  40$uhttps://www.jove.com/video/50172
=945  \\$aThe Whole World

