=LDR  00907ngm a2200000i 4500
=001  JoVEBiology50080
=008  161201s2016\\\\xx\\\\\g\\\\\\s\\\\\eng\d
=035  \\$a(OCoLC)733445860
=040  \\$aVaAlASP$cVaAlASP
=100  1\$aGeraghty,Patrick
=245  12$aProtein Transfection of Mouse Lung$h[electronic resource]
=260  \\$aCambridge, MA$bMyJoVE Corp$c2016
=300  \\$aonline resource (262 seconds)
=490  0\$aBiology
=500  \\$aTitle from resource description page
=520  \\$aTransgenic mice or viral vectors have been used to increase protein expression within the lung. However, these techniques are time-consuming, technically challenging and have off-target effects that can confound results. Our protein transfection protocol uses a lipid based transfection reagent and an ultrafine microsprayer to uniformly deliver active protein to lung cells.
=521  \\$aFor undergraduate, graduate, and professional students
=546  \\$aEnglish
=650  \0$aBiology
=856  40$uhttps://www.jove.com/video/50080
=945  \\$aThe Whole World

