=LDR  00826ngm a2200000i 4500
=001  JoVEMedicine50290
=008  161201s2016\\\\xx\\\\\g\\\\\\s\\\\\eng\d
=035  \\$a(OCoLC)733445860
=040  \\$aVaAlASP$cVaAlASP
=100  1\$aQin,Lingfeng
=245  12$aMouse Models for Graft Arteriosclerosis$h[electronic resource]
=260  \\$aCambridge, MA$bMyJoVE Corp$c2016
=300  \\$aonline resource (457 seconds)
=490  0\$aMedicine
=500  \\$aTitle from resource description page
=520  \\$aWe describe protocols for our mouse graft arteriosclerois (GA) models which involve interposition of a mouse vessel segment into a recipient of the same inbred strain. By backcrossing additional genetic changes into the vessel donor, the model can assess the effect of specific genes on GA.
=521  \\$aFor undergraduate, graduate, and professional students
=546  \\$aEnglish
=650  \0$aMedicine
=856  40$uhttps://www.jove.com/video/50290
=945  \\$aThe Whole World

