=LDR  00903ngm a2200000i 4500
=001  JoVEMedicine50233
=008  161201s2016\\\\xx\\\\\g\\\\\\s\\\\\eng\d
=035  \\$a(OCoLC)733445860
=040  \\$aVaAlASP$cVaAlASP
=100  1\$aSimsekyilmaz,Sakine
=245  12$aA Murine Model of Stent Implantation in the Carotid Artery for the Study of Restenosis$h[electronic resource]
=260  \\$aCambridge, MA$bMyJoVE Corp$c2016
=300  \\$aonline resource (270 seconds)
=490  0\$aMedicine
=500  \\$aTitle from resource description page
=520  \\$aA model of stent implantation in mouse carotid artery is described. Compared to other similar methods, this procedure is very rapid, simple and accessible, offering the possibility to study in a convenient way the vascular wall reaction to different drug-eluting stents and the molecular mechanisms of restenosis.
=521  \\$aFor undergraduate, graduate, and professional students
=546  \\$aEnglish
=650  \0$aMedicine
=856  40$uhttps://www.jove.com/video/50233
=945  \\$aThe Whole World

