=LDR  00736ngm a2200000i 4500
=001  JoVEBiology50230
=008  161201s2016\\\\xx\\\\\g\\\\\\s\\\\\eng\d
=035  \\$a(OCoLC)733445860
=040  \\$aVaAlASP$cVaAlASP
=100  1\$aBazzone,Andre
=245  12$aIntroduction to Solid Supported Membrane Based Electrophysiology$h[electronic resource]
=260  \\$aCambridge, MA$bMyJoVE Corp$c2016
=300  \\$aonline resource (1196 seconds)
=490  0\$aBiology
=500  \\$aTitle from resource description page
=520  \\$aHere we present an electrophysiological method based on solid supported membranes with focus on its applications for the characterization of electrogenic membrane transporters.
=521  \\$aFor undergraduate, graduate, and professional students
=546  \\$aEnglish
=650  \0$aBiology
=856  40$uhttps://www.jove.com/video/50230
=945  \\$aThe Whole World

