=LDR  00979ngm a2200000i 4500
=001  JoVEBiology50373
=008  161201s2016\\\\xx\\\\\g\\\\\\s\\\\\eng\d
=035  \\$a(OCoLC)733445860
=040  \\$aVaAlASP$cVaAlASP
=100  1\$aBailes,Graham
=245  12$aIsolation of Native Soil Microorganisms with Potential for Breaking Down Biodegradable Plastic Mulch Films Used in Agriculture$h[electronic resource]
=260  \\$aCambridge, MA$bMyJoVE Corp$c2016
=300  \\$aonline resource (818 seconds)
=490  0\$aBiology
=500  \\$aTitle from resource description page
=520  \\$aPlastic films labeled "biodegradable" are commercially available for agricultural use as mulches.  Tillage represents an attractive disposal method, but degradation under field conditions is poorly understood.  The purpose of this study was to develop methods for isolating native soil fungi and bacteria that colonize plastic mulch films after field burial.
=521  \\$aFor undergraduate, graduate, and professional students
=546  \\$aEnglish
=650  \0$aBiology
=856  40$uhttps://www.jove.com/video/50373
=945  \\$aThe Whole World

