=LDR  00943ngm a2200000i 4500
=001  JoVEBiology50330
=008  161201s2016\\\\xx\\\\\g\\\\\\s\\\\\eng\d
=035  \\$a(OCoLC)733445860
=040  \\$aVaAlASP$cVaAlASP
=100  1\$aRieg,Timo
=245  12$aA High-throughput Method for Measurement of Glomerular Filtration Rate in Conscious Mice$h[electronic resource]
=260  \\$aCambridge, MA$bMyJoVE Corp$c2016
=300  \\$aonline resource (427 seconds)
=490  0\$aBiology
=500  \\$aTitle from resource description page
=520  \\$aMeasurement of glomerular filtration rate (GFR) is the gold standard for kidney function assessment. Here we describe a high-throughput method which allows the determination of GFR in conscious mice by using a single bolus injection, determination of fluorescein isothiocyanate (FITC)-inulin in plasma and calculation of GFR by a two-phase exponential decay model.
=521  \\$aFor undergraduate, graduate, and professional students
=546  \\$aEnglish
=650  \0$aBiology
=856  40$uhttps://www.jove.com/video/50330
=945  \\$aThe Whole World

