=LDR  00843ngm a2200000i 4500
=001  JoVEMedicine50030
=008  161201s2016\\\\xx\\\\\g\\\\\\s\\\\\eng\d
=035  \\$a(OCoLC)733445860
=040  \\$aVaAlASP$cVaAlASP
=100  1\$aZhang,Yi Ping
=245  12$aControlled Cervical Laceration Injury in Mice$h[electronic resource]
=260  \\$aCambridge, MA$bMyJoVE Corp$c2016
=300  \\$aonline resource (448 seconds)
=490  0\$aMedicine
=500  \\$aTitle from resource description page
=520  \\$aA novel technique to create a reproducible in vivo model of cervical spinal cord laceration injury in the mouse is described.  This technique is based on spine stabilization by fixation of the cervical facets and laceration of the spinal cord using an oscillating blade with an accuracy of ±0.01 mm.
=521  \\$aFor undergraduate, graduate, and professional students
=546  \\$aEnglish
=650  \0$aMedicine
=856  40$uhttps://www.jove.com/video/50030
=945  \\$aThe Whole World

