=LDR  01081ngm a2200000i 4500
=001  JoVEMedicine4387
=008  161201s2016\\\\xx\\\\\g\\\\\\s\\\\\eng\d
=035  \\$a(OCoLC)733445860
=040  \\$aVaAlASP$cVaAlASP
=100  1\$aSpeetzen,Lukas Julius
=245  12$aBilateral Common Carotid Artery Occlusion as an Adequate Preconditioning Stimulus to Induce Early Ischemic Tolerance to Focal Cerebral Ischemia$h[electronic resource]
=260  \\$aCambridge, MA$bMyJoVE Corp$c2016
=300  \\$aonline resource (466 seconds)
=490  0\$aMedicine
=500  \\$aTitle from resource description page
=520  \\$aThere is accumulating evidence, that ischemic preconditioning (PC) – a non-damaging ischemic challenge to the brain - confers a transient protection to a subsequent damaging ischemic insult. We established bilateral common carotid artery occlusion (BCCAO) as a preconditioning stimulus to induce early ischemic tolerance (IT) to transient focal cerebral ischemia (induced by middle cerebral artery occlusion, MCAO) in C57Bl6/J mice.
=521  \\$aFor undergraduate, graduate, and professional students
=546  \\$aEnglish
=650  \0$aMedicine
=856  40$uhttps://www.jove.com/video/4387
=945  \\$aThe Whole World

