=LDR  00905ngm a2200000i 4500
=001  JoVEBiology50317
=008  161201s2016\\\\xx\\\\\g\\\\\\s\\\\\eng\d
=035  \\$a(OCoLC)733445860
=040  \\$aVaAlASP$cVaAlASP
=100  1\$aSamtleben,Samira
=245  12$aDirect Imaging of ER Calcium with Targeted-Esterase Induced Dye Loading (TED)$h[electronic resource]
=260  \\$aCambridge, MA$bMyJoVE Corp$c2016
=300  \\$aonline resource (572 seconds)
=490  0\$aBiology
=500  \\$aTitle from resource description page
=520  \\$aTargeted-esterase induced dye loading (TED) supports the analysis of intracellular calcium store dynamics by fluorescence imaging. The method bases on targeting of a recombinant Carboxylesterase to the endoplasmic reticulum (ER), where it improves the local unmasking of synthetic low-affinity Ca2+ indicator dyes in the ER lumen.
=521  \\$aFor undergraduate, graduate, and professional students
=546  \\$aEnglish
=650  \0$aBiology
=856  40$uhttps://www.jove.com/video/50317
=945  \\$aThe Whole World

