=LDR  00911ngm a2200000i 4500
=001  JoVEBiology50263
=008  161201s2016\\\\xx\\\\\g\\\\\\s\\\\\eng\d
=035  \\$a(OCoLC)733445860
=040  \\$aVaAlASP$cVaAlASP
=100  1\$aYi,Jinghai
=245  12$aWhole-Body Nanoparticle Aerosol Inhalation Exposures$h[electronic resource]
=260  \\$aCambridge, MA$bMyJoVE Corp$c2016
=300  \\$aonline resource (611 seconds)
=490  0\$aBiology
=500  \\$aTitle from resource description page
=520  \\$aA whole-body nanoparticle aerosol inhalation exposure facility was constructed for nano-sized titanium dioxide (TiO2) inhalation toxicology studies. This system provides nano-TiO2 aerosol test atmospheres that have: 1) a steady mass concentration; 2) a homogenous composition free of contaminants; and 3) a stable particle size distribution during aerosol generation.
=521  \\$aFor undergraduate, graduate, and professional students
=546  \\$aEnglish
=650  \0$aBiology
=856  40$uhttps://www.jove.com/video/50263
=945  \\$aThe Whole World

