=LDR  00951ngm a2200000i 4500
=001  JoVEBiology50185
=008  161201s2016\\\\xx\\\\\g\\\\\\s\\\\\eng\d
=035  \\$a(OCoLC)733445860
=040  \\$aVaAlASP$cVaAlASP
=100  1\$aWenzel,Vera
=245  12$aNaïve Adult Stem Cells Isolation from Primary Human Fibroblast Cultures$h[electronic resource]
=260  \\$aCambridge, MA$bMyJoVE Corp$c2016
=300  \\$aonline resource (459 seconds)
=490  0\$aBiology
=500  \\$aTitle from resource description page
=520  \\$aWe report a method to isolate naïve multipotent skin-derived precursor (SKP) cells from primary human fibroblast cultures. We show that these SKPs derived from fibroblast cultures share similar stem cell properties to the ones derived directly from human skin biopsies. These cells express the neural crest marker, nestin, in addition to the multipotent markers such as OCT4 and Nanog.
=521  \\$aFor undergraduate, graduate, and professional students
=546  \\$aEnglish
=650  \0$aBiology
=856  40$uhttps://www.jove.com/video/50185
=945  \\$aThe Whole World

