=LDR  00939ngm a2200000i 4500
=001  JoVEBiology50047
=008  161201s2016\\\\xx\\\\\g\\\\\\s\\\\\eng\d
=035  \\$a(OCoLC)733445860
=040  \\$aVaAlASP$cVaAlASP
=100  1\$aChangou,Chun A.
=245  12$aQuantitative Analysis of Autophagy using Advanced 3D Fluorescence Microscopy$h[electronic resource]
=260  \\$aCambridge, MA$bMyJoVE Corp$c2016
=300  \\$aonline resource (599 seconds)
=490  0\$aBiology
=500  \\$aTitle from resource description page
=520  \\$aAutophagy is a ubiquitous process that enables cells to degrade and recycle proteins and organelles. We apply advanced fluorescence microscopy to visualize and quantify the small, but essential, physical changes associated with the induction of autophagy, including the formation and distribution of autophagosomes and lysosomes, and their fusion into autolysosomes.
=521  \\$aFor undergraduate, graduate, and professional students
=546  \\$aEnglish
=650  \0$aBiology
=856  40$uhttps://www.jove.com/video/50047
=945  \\$aThe Whole World

