=LDR  00883ngm a2200000i 4500
=001  JoVEBiology50064
=008  161201s2016\\\\xx\\\\\g\\\\\\s\\\\\eng\d
=035  \\$a(OCoLC)733445860
=040  \\$aVaAlASP$cVaAlASP
=100  1\$aTantin,Dean
=245  12$aEfficient Chromatin Immunoprecipitation using Limiting Amounts of Biomass$h[electronic resource]
=260  \\$aCambridge, MA$bMyJoVE Corp$c2016
=300  \\$aonline resource (869 seconds)
=490  0\$aBiology
=500  \\$aTitle from resource description page
=520  \\$aWe describe a robust method for chromatin immunoprecipitation using primary T cells. The method is founded on standard approaches, but uses a specific set of conditions and reagents that improve efficiency for limited a quantities of cells. Importantly, a detailed description of the data analysis phase is presented.
=521  \\$aFor undergraduate, graduate, and professional students
=546  \\$aEnglish
=650  \0$aBiology
=856  40$uhttps://www.jove.com/video/50064
=945  \\$aThe Whole World

