=LDR  00879ngm a2200000i 4500
=001  JoVEBiology4368
=008  161201s2016\\\\xx\\\\\g\\\\\\s\\\\\eng\d
=035  \\$a(OCoLC)733445860
=040  \\$aVaAlASP$cVaAlASP
=100  1\$aTsilingiri,Katerina
=245  12$aA Novel Method for the Culture and Polarized Stimulation of Human Intestinal Mucosa Explants$h[electronic resource]
=260  \\$aCambridge, MA$bMyJoVE Corp$c2016
=300  \\$aonline resource (398 seconds)
=490  0\$aBiology
=500  \\$aTitle from resource description page
=520  \\$aWe introduce a novel method for the maintenance of human intestinal mucosa in culture and monitoring of the response to various types of stimuli over at least 24 hrs. With our method, the polarity of the tissue is maintained, allowing for a physiological stimulation via the apical route.
=521  \\$aFor undergraduate, graduate, and professional students
=546  \\$aEnglish
=650  \0$aBiology
=856  40$uhttps://www.jove.com/video/4368
=945  \\$aThe Whole World

