=LDR  00935ngm a2200000i 4500
=001  JoVEMedicine50331
=008  161201s2016\\\\xx\\\\\g\\\\\\s\\\\\eng\d
=035  \\$a(OCoLC)733445860
=040  \\$aVaAlASP$cVaAlASP
=100  1\$aDauch,Jacqueline R.
=245  12$aThree-dimensional Imaging of Nociceptive Intraepidermal Nerve Fibers in Human Skin Biopsies$h[electronic resource]
=260  \\$aCambridge, MA$bMyJoVE Corp$c2016
=300  \\$aonline resource (682 seconds)
=490  0\$aMedicine
=500  \\$aTitle from resource description page
=520  \\$aIn order to study the changes of nociceptive intraepidermal nerve fibers (IENFs) in painful neuropathies (PN), we developed protocols that could directly examine three-dimensional morphological changes observed in nociceptive IENFs.  Three-dimensional analysis of IENFs has the potential to evaluate the morphological changes of IENF in PN.
=521  \\$aFor undergraduate, graduate, and professional students
=546  \\$aEnglish
=650  \0$aMedicine
=856  40$uhttps://www.jove.com/video/50331
=945  \\$aThe Whole World

