=LDR  00918ngm a2200000i 4500
=001  JoVEMedicine50073
=008  161201s2016\\\\xx\\\\\g\\\\\\s\\\\\eng\d
=035  \\$a(OCoLC)733445860
=040  \\$aVaAlASP$cVaAlASP
=100  1\$avan Dijk,Aimée E.
=245  12$aMeasuring Cardiac Autonomic Nervous System (ANS) Activity in Children$h[electronic resource]
=260  \\$aCambridge, MA$bMyJoVE Corp$c2016
=300  \\$aonline resource (585 seconds)
=490  0\$aMedicine
=500  \\$aTitle from resource description page
=520  \\$aMeasurement of autonomic nervous system activity usually confines the researcher and participant to the laboratory, which may provide an intimidating environment to children. The VU University Ambulatory Monitoring System (VU-AMS) device can record cardiac autonomic control in any setting. The VU-AMS proved very amenable to testing in children.
=521  \\$aFor undergraduate, graduate, and professional students
=546  \\$aEnglish
=650  \0$aMedicine
=856  40$uhttps://www.jove.com/video/50073
=945  \\$aThe Whole World

