=LDR  00766ngm a2200000i 4500
=001  JoVEMedicine4240
=008  161201s2016\\\\xx\\\\\g\\\\\\s\\\\\eng\d
=035  \\$a(OCoLC)733445860
=040  \\$aVaAlASP$cVaAlASP
=100  1\$aGrabner,Alexander
=245  12$aNon-invasive Imaging of Acute Allograft Rejection after Rat Renal Transplantation Using 18F-FDG PET$h[electronic resource]
=260  \\$aCambridge, MA$bMyJoVE Corp$c2016
=300  \\$aonline resource (1033 seconds)
=490  0\$aMedicine
=500  \\$aTitle from resource description page
=520  \\$aWe herein present a rat renal transplantation model to non-invasively assess acute allograft rejection using positron emission tomography with 18F-fluorodeoxyglucose.
=521  \\$aFor undergraduate, graduate, and professional students
=546  \\$aEnglish
=650  \0$aMedicine
=856  40$uhttps://www.jove.com/video/4240
=945  \\$aThe Whole World

