=LDR  00817ngm a2200000i 4500
=001  JoVEBiology50069
=008  161201s2016\\\\xx\\\\\g\\\\\\s\\\\\eng\d
=035  \\$a(OCoLC)733445860
=040  \\$aVaAlASP$cVaAlASP
=100  1\$aMargie,Olivia
=245  12$aC. elegans Chemotaxis Assay$h[electronic resource]
=260  \\$aCambridge, MA$bMyJoVE Corp$c2016
=300  \\$aonline resource (388 seconds)
=490  0\$aBiology
=500  \\$aTitle from resource description page
=520  \\$aA method of quantitatively evaluating the chemotactic response of Caenorhabditis elegans is described.  A chemotactic index (CI) was employed as a way to precisely evaluate the response of worms to certain targets, and serve as a platform of comparison between strains and compounds of interest.
=521  \\$aFor undergraduate, graduate, and professional students
=546  \\$aEnglish
=650  \0$aBiology
=856  40$uhttps://www.jove.com/video/50069
=945  \\$aThe Whole World

