=LDR  00924ngm a2200000i 4500
=001  JoVEBiology50255
=008  161201s2016\\\\xx\\\\\g\\\\\\s\\\\\eng\d
=035  \\$a(OCoLC)733445860
=040  \\$aVaAlASP$cVaAlASP
=100  1\$aWhitesell,Tom
=245  12$aIntroducing an Angle Adjustable Cutting Box for Analyzing Slice Shear Force in Meat$h[electronic resource]
=260  \\$aCambridge, MA$bMyJoVE Corp$c2016
=300  \\$aonline resource (570 seconds)
=490  0\$aBiology
=500  \\$aTitle from resource description page
=520  \\$aSlice shear force is a reference method for beef texture analysis. Using an angle adjustable cutting box could increase its accuracy for research purposes. The results from different locations within the longissimus muscle show a high correlation with Warner-Bratzler shear force methodology and high potential adaptability for different muscles.
=521  \\$aFor undergraduate, graduate, and professional students
=546  \\$aEnglish
=650  \0$aBiology
=856  40$uhttps://www.jove.com/video/50255
=945  \\$aThe Whole World

