=LDR  00904ngm a2200000i 4500
=001  JoVEBiology4401
=008  161201s2016\\\\xx\\\\\g\\\\\\s\\\\\eng\d
=035  \\$a(OCoLC)733445860
=040  \\$aVaAlASP$cVaAlASP
=100  1\$aColasanti,Andrew V.
=245  12$aAnalyzing and Building Nucleic Acid Structures with 3DNA$h[electronic resource]
=260  \\$aCambridge, MA$bMyJoVE Corp$c2016
=300  \\$aonline resource (984 seconds)
=490  0\$aBiology
=500  \\$aTitle from resource description page
=520  \\$aThe 3DNA software package is a popular and versatile bioinformatics tool with capabilities to analyze, construct, and visualize three-dimensional nucleic acid structures. This article presents detailed protocols for a subset of new and popular features available in 3DNA, applicable to both individual structures and ensembles of related structures.
=521  \\$aFor undergraduate, graduate, and professional students
=546  \\$aEnglish
=650  \0$aBiology
=856  40$uhttps://www.jove.com/video/4401
=945  \\$aThe Whole World

