=LDR  00843ngm a2200000i 4500
=001  JoVEMedicine3658
=008  161201s2016\\\\xx\\\\\g\\\\\\s\\\\\eng\d
=035  \\$a(OCoLC)733445860
=040  \\$aVaAlASP$cVaAlASP
=100  1\$aFilgueiras-Rama,David
=245  12$aRemote Magnetic Navigation for Accurate, Real-time Catheter Positioning and Ablation in Cardiac Electrophysiology Procedures$h[electronic resource]
=260  \\$aCambridge, MA$bMyJoVE Corp$c2016
=300  \\$aonline resource (553 seconds)
=490  0\$aMedicine
=500  \\$aTitle from resource description page
=520  \\$aThis report provides a detailed description of a new remote navigation system based on magnetic driven forces, which has been recently introduced as a new robotic tool for human cardiac electrophysiology procedures.
=521  \\$aFor undergraduate, graduate, and professional students
=546  \\$aEnglish
=650  \0$aMedicine
=856  40$uhttps://www.jove.com/video/3658
=945  \\$aThe Whole World

