=LDR  00934ngm a2200000i 4500
=001  JoVEBiology50286
=008  161201s2016\\\\xx\\\\\g\\\\\\s\\\\\eng\d
=035  \\$a(OCoLC)733445860
=040  \\$aVaAlASP$cVaAlASP
=100  1\$aDeliard,Sandra
=245  12$aGeneration of High Quality Chromatin Immunoprecipitation DNA Template for High-throughput Sequencing (ChIP-seq)$h[electronic resource]
=260  \\$aCambridge, MA$bMyJoVE Corp$c2016
=300  \\$aonline resource (592 seconds)
=490  0\$aBiology
=500  \\$aTitle from resource description page
=520  \\$aThe combination of chromatin immunoprecipitation and ultra-high-throughput sequencing (ChIP-seq) can identify and map protein-DNA interactions in a given tissue or cell line. Outlined is how to generate a high quality ChIP template for subsequent sequencing, using experience with the transcription factor TCF7L2 as an example.
=521  \\$aFor undergraduate, graduate, and professional students
=546  \\$aEnglish
=650  \0$aBiology
=856  40$uhttps://www.jove.com/video/50286
=945  \\$aThe Whole World

