=LDR  00918ngm a2200000i 4500
=001  JoVEBiology50261
=008  161201s2016\\\\xx\\\\\g\\\\\\s\\\\\eng\d
=035  \\$a(OCoLC)733445860
=040  \\$aVaAlASP$cVaAlASP
=100  1\$aDiakov,Theodore T.
=245  12$aMeasurement of Vacuolar and Cytosolic pH In Vivo in Yeast Cell Suspensions$h[electronic resource]
=260  \\$aCambridge, MA$bMyJoVE Corp$c2016
=300  \\$aonline resource (835 seconds)
=490  0\$aBiology
=500  \\$aTitle from resource description page
=520  \\$aVacuolar and cytosolic pH can be measured in live yeast (S. cerevisiae) cells using ratiometric fluorescent dyes localized to specific cellular compartments.  We describe procedures for measuring vacuolar pH with BCECF-AM, which localizes to the vacuole in yeast, and cytosolic pH with a cytosolic ratiometric pH-sensitive GFP (yeast pHluorin).
=521  \\$aFor undergraduate, graduate, and professional students
=546  \\$aEnglish
=650  \0$aBiology
=856  40$uhttps://www.jove.com/video/50261
=945  \\$aThe Whole World

