=LDR  00902ngm a2200000i 4500
=001  JoVEMedicine50097
=008  161201s2016\\\\xx\\\\\g\\\\\\s\\\\\eng\d
=035  \\$a(OCoLC)733445860
=040  \\$aVaAlASP$cVaAlASP
=100  1\$aSewell,Will
=245  12$aAn Orthotopic Mouse Model of Anaplastic Thyroid Carcinoma$h[electronic resource]
=260  \\$aCambridge, MA$bMyJoVE Corp$c2016
=300  \\$aonline resource (421 seconds)
=490  0\$aMedicine
=500  \\$aTitle from resource description page
=520  \\$aGeneration of an orthotopic mouse model of anaplastic thyroid carcinoma is described here. This technique employs surgical placement of human anaplastic thyroid cancer cells into the thyroid of immunodeficient mice, thus creating a more clinically relevant setting to study disease progression as well as screen innovative therapeutic interventions.
=521  \\$aFor undergraduate, graduate, and professional students
=546  \\$aEnglish
=650  \0$aMedicine
=856  40$uhttps://www.jove.com/video/50097
=945  \\$aThe Whole World

