=LDR  00891ngm a2200000i 4500
=001  JoVEMedicine50052
=008  161201s2016\\\\xx\\\\\g\\\\\\s\\\\\eng\d
=035  \\$a(OCoLC)733445860
=040  \\$aVaAlASP$cVaAlASP
=100  1\$aSandoval,Ruben M.
=245  12$aQuantifying Glomerular Permeability of Fluorescent Macromolecules Using 2-Photon Microscopy in Munich Wistar Rats$h[electronic resource]
=260  \\$aCambridge, MA$bMyJoVE Corp$c2016
=300  \\$aonline resource (673 seconds)
=490  0\$aMedicine
=500  \\$aTitle from resource description page
=520  \\$aA technique utilizing high resolution intavital 2-photon microscopy to directly visualize and quantify gloemrular filtration in surface glomeruli. This method allows for direct determination of permeability characteristics of macromolecules in both normal and diseased states.
=521  \\$aFor undergraduate, graduate, and professional students
=546  \\$aEnglish
=650  \0$aMedicine
=856  40$uhttps://www.jove.com/video/50052
=945  \\$aThe Whole World

