=LDR  00824ngm a2200000i 4500
=001  JoVEMedicine3871
=008  161201s2016\\\\xx\\\\\g\\\\\\s\\\\\eng\d
=035  \\$a(OCoLC)733445860
=040  \\$aVaAlASP$cVaAlASP
=100  1\$aChen,Wenan
=245  12$aAutomated Midline Shift and Intracranial Pressure Estimation based on Brain CT Images$h[electronic resource]
=260  \\$aCambridge, MA$bMyJoVE Corp$c2016
=300  \\$aonline resource (848 seconds)
=490  0\$aMedicine
=500  \\$aTitle from resource description page
=520  \\$aAn automated midline shift estimation and intracranial pressure (ICP) pre-screening system based on computed tomography (CT) images for patients with traumatic brain injury (TBI) is proposed using image processing and machine learning techniques.
=521  \\$aFor undergraduate, graduate, and professional students
=546  \\$aEnglish
=650  \0$aMedicine
=856  40$uhttps://www.jove.com/video/3871
=945  \\$aThe Whole World

