=LDR  00769ngm a2200000i 4500
=001  JoVEBiology50248
=008  161201s2016\\\\xx\\\\\g\\\\\\s\\\\\eng\d
=035  \\$a(OCoLC)733445860
=040  \\$aVaAlASP$cVaAlASP
=100  1\$aLi,Hong
=245  12$aSeparation of Mouse Embryonic Facial Ectoderm and Mesenchyme$h[electronic resource]
=260  \\$aCambridge, MA$bMyJoVE Corp$c2016
=300  \\$aonline resource (516 seconds)
=490  0\$aBiology
=500  \\$aTitle from resource description page
=520  \\$aA protocol for separation of embryo facial ectoderm and mesenchyme is described. We use Dispase II to treat whole embryos first, dissect whole facial prominences out, and then separate the facial ectoderm and mesenchyme.
=521  \\$aFor undergraduate, graduate, and professional students
=546  \\$aEnglish
=650  \0$aBiology
=856  40$uhttps://www.jove.com/video/50248
=945  \\$aThe Whole World

