=LDR  00928ngm a2200000i 4500
=001  JoVEBiology50165
=008  161201s2016\\\\xx\\\\\g\\\\\\s\\\\\eng\d
=035  \\$a(OCoLC)733445860
=040  \\$aVaAlASP$cVaAlASP
=100  1\$aTheodosiou,Nicole A.
=245  12$aRNA In situ Hybridization in Whole Mount Embryos and Cell Histology Adapted for Marine Elasmobranchs$h[electronic resource]
=260  \\$aCambridge, MA$bMyJoVE Corp$c2016
=300  \\$aonline resource (493 seconds)
=490  0\$aBiology
=500  \\$aTitle from resource description page
=520  \\$aBy combining methods for RNA whole mount in situ hybridization and histology, gene expression can be linked with cell fate decisions in the developing embryo.  These methods have been adapted to marine elasmobranchs and facilitate the use of these animals as model organisms for biomedical, toxicology and comparative studies.
=521  \\$aFor undergraduate, graduate, and professional students
=546  \\$aEnglish
=650  \0$aBiology
=856  40$uhttps://www.jove.com/video/50165
=945  \\$aThe Whole World

