=LDR  00827ngm a2200000i 4500
=001  JoVEMedicine50096
=008  161201s2016\\\\xx\\\\\g\\\\\\s\\\\\eng\d
=035  \\$a(OCoLC)733445860
=040  \\$aVaAlASP$cVaAlASP
=100  1\$aLee,Lik Chuan
=245  12$aReduction in Left Ventricular Wall Stress and Improvement in Function in Failing Hearts using Algisyl-LVR$h[electronic resource]
=260  \\$aCambridge, MA$bMyJoVE Corp$c2016
=300  \\$aonline resource (444 seconds)
=490  0\$aMedicine
=500  \\$aTitle from resource description page
=520  \\$aThis article describes procedures for implanting a novel hydrogel in failing hearts and quantifying its effect on left ventricular wall stress and function. These procedures have been successfully applied in dogs and humans.
=521  \\$aFor undergraduate, graduate, and professional students
=546  \\$aEnglish
=650  \0$aMedicine
=856  40$uhttps://www.jove.com/video/50096
=945  \\$aThe Whole World

