=LDR  00839ngm a2200000i 4500
=001  JoVEMedicine4440
=008  161201s2016\\\\xx\\\\\g\\\\\\s\\\\\eng\d
=035  \\$a(OCoLC)733445860
=040  \\$aVaAlASP$cVaAlASP
=100  1\$aHanson,Leah R.
=245  12$aIntranasal Administration of CNS Therapeutics to Awake Mice$h[electronic resource]
=260  \\$aCambridge, MA$bMyJoVE Corp$c2016
=300  \\$aonline resource (435 seconds)
=490  0\$aMedicine
=500  \\$aTitle from resource description page
=520  \\$aA method to intranasally administer drugs to awake mice for the purpose of targeting the brain is described.  This method allows for repeat dosing over long periods using intranasal administration of drug without anesthesia, and nose-to-brain delivery with minimal systemic exposure.
=521  \\$aFor undergraduate, graduate, and professional students
=546  \\$aEnglish
=650  \0$aMedicine
=856  40$uhttps://www.jove.com/video/4440
=945  \\$aThe Whole World

