=LDR  00916ngm a2200000i 4500
=001  JoVEBiology50093
=008  161201s2016\\\\xx\\\\\g\\\\\\s\\\\\eng\d
=035  \\$a(OCoLC)733445860
=040  \\$aVaAlASP$cVaAlASP
=100  1\$aKukutla,Phanidhar
=245  12$aDepletion of Ribosomal RNA for Mosquito Gut Metagenomic RNA-seq$h[electronic resource]
=260  \\$aCambridge, MA$bMyJoVE Corp$c2016
=300  \\$aonline resource (381 seconds)
=490  0\$aBiology
=500  \\$aTitle from resource description page
=520  \\$aA ribosomal RNA (rRNA) depletion protocol was developed to enrich messenger RNA (mRNA) for RNA-seq of the mosquito gut metatranscriptome. Sample specific rRNA probes, which were used to remove rRNA via subtraction, were created from the mosquito and its gut microbes. Performance of the protocol can result in the removal of approximately 90-99% of rRNA.
=521  \\$aFor undergraduate, graduate, and professional students
=546  \\$aEnglish
=650  \0$aBiology
=856  40$uhttps://www.jove.com/video/50093
=945  \\$aThe Whole World

