=LDR  00915ngm a2200000i 4500
=001  JoVEBiology50162
=008  161201s2016\\\\xx\\\\\g\\\\\\s\\\\\eng\d
=035  \\$a(OCoLC)733445860
=040  \\$aVaAlASP$cVaAlASP
=100  1\$aMcElrone,Andrew J.
=245  12$aUsing High Resolution Computed Tomography to Visualize the Three Dimensional Structure and Function of Plant Vasculature$h[electronic resource]
=260  \\$aCambridge, MA$bMyJoVE Corp$c2016
=300  \\$aonline resource (709 seconds)
=490  0\$aBiology
=500  \\$aTitle from resource description page
=520  \\$aHigh resolution x-ray computed tomography (HRCT) is a non-destructive diagnostic imaging technique that can be used to study the structure and function of plant vasculature in 3D. We demonstrate how HRCT facilitates exploration of xylem networks across a wide range of plant tissues and species.
=521  \\$aFor undergraduate, graduate, and professional students
=546  \\$aEnglish
=650  \0$aBiology
=856  40$uhttps://www.jove.com/video/50162
=945  \\$aThe Whole World

