=LDR  00929ngm a2200000i 4500
=001  JoVEBiology50083
=008  161201s2016\\\\xx\\\\\g\\\\\\s\\\\\eng\d
=035  \\$a(OCoLC)733445860
=040  \\$aVaAlASP$cVaAlASP
=100  1\$aSpokoini,Rachel
=245  12$a4D Imaging of Protein Aggregation in Live Cells$h[electronic resource]
=260  \\$aCambridge, MA$bMyJoVE Corp$c2016
=300  \\$aonline resource (539 seconds)
=490  0\$aBiology
=500  \\$aTitle from resource description page
=520  \\$aCellular viability depends on timely and efficient management of protein misfolding.  Here we describe a method for visualizing the different potential fates of a misfolded protein:  refolding, degradation, or sequestration in inclusions. We demonstrate the use of a folding sensor, Ubc9ts, for monitoring proteostasis and aggregation quality control in live cells using 4D microscopy.
=521  \\$aFor undergraduate, graduate, and professional students
=546  \\$aEnglish
=650  \0$aBiology
=856  40$uhttps://www.jove.com/video/50083
=945  \\$aThe Whole World

