=LDR  00870ngm a2200000i 4500
=001  JoVEBiology50038
=008  161201s2016\\\\xx\\\\\g\\\\\\s\\\\\eng\d
=035  \\$a(OCoLC)733445860
=040  \\$aVaAlASP$cVaAlASP
=100  1\$aWang,Guangliang
=245  12$aAnalysis of Gene Function and Visualization of Cilia-Generated Fluid Flow in Kupffer's Vesicle$h[electronic resource]
=260  \\$aCambridge, MA$bMyJoVE Corp$c2016
=300  \\$aonline resource (491 seconds)
=490  0\$aBiology
=500  \\$aTitle from resource description page
=520  \\$aCilia-generated fluid flow in Kupffer’s Vesicle (KV) controls left-right patterning of the zebrafish embryo. Here, we describe a technique to modulate gene function specifically in KV cells. In addition, we show how to deliver fluorescent beads into KV to visualize fluid flow.
=521  \\$aFor undergraduate, graduate, and professional students
=546  \\$aEnglish
=650  \0$aBiology
=856  40$uhttps://www.jove.com/video/50038
=945  \\$aThe Whole World

