=LDR  00988ngm a2200000i 4500
=001  JoVEBiology50180
=008  161201s2016\\\\xx\\\\\g\\\\\\s\\\\\eng\d
=035  \\$a(OCoLC)733445860
=040  \\$aVaAlASP$cVaAlASP
=100  1\$aPino,Elizabeth  C.
=245  12$aBiochemical and High Throughput Microscopic Assessment of Fat Mass in Caenorhabditis Elegans$h[electronic resource]
=260  \\$aCambridge, MA$bMyJoVE Corp$c2016
=300  \\$aonline resource (967 seconds)
=490  0\$aBiology
=500  \\$aTitle from resource description page
=520  \\$aWe present robust biochemical and microscopic methods for studying Caenorhabditis elegans lipid stores. A rapid, simple, fixing-staining procedure for fluorescent lipid droplet imaging leverages the spectral properties of the lipophilic dye Nile red. We then present biochemical measurement of triglycerides and phospholipids using solid phase extraction and gas chromatography-mass spectrometry.
=521  \\$aFor undergraduate, graduate, and professional students
=546  \\$aEnglish
=650  \0$aBiology
=856  40$uhttps://www.jove.com/video/50180
=945  \\$aThe Whole World

