=LDR  00684ngm a2200000i 4500
=001  JoVEBiology50044
=008  161201s2016\\\\xx\\\\\g\\\\\\s\\\\\eng\d
=035  \\$a(OCoLC)733445860
=040  \\$aVaAlASP$cVaAlASP
=100  1\$aPokrywka,Nancy Jo
=245  12$aLive Imaging of GFP-labeled Proteins in Drosophila Oocytes$h[electronic resource]
=260  \\$aCambridge, MA$bMyJoVE Corp$c2016
=300  \\$aonline resource (445 seconds)
=490  0\$aBiology
=500  \\$aTitle from resource description page
=520  \\$aA protocol for live imaging of GFP-tagged proteins or autofluorescent structures in individual Drosophila oocytes is described.
=521  \\$aFor undergraduate, graduate, and professional students
=546  \\$aEnglish
=650  \0$aBiology
=856  40$uhttps://www.jove.com/video/50044
=945  \\$aThe Whole World

