=LDR  00877ngm a2200000i 4500
=001  JoVEMedicine3093
=008  161201s2016\\\\xx\\\\\g\\\\\\s\\\\\eng\d
=035  \\$a(OCoLC)733445860
=040  \\$aVaAlASP$cVaAlASP
=100  1\$aShao,Yangzhen
=245  12$aModified Technique for Coronary Artery Ligation in Mice$h[electronic resource]
=260  \\$aCambridge, MA$bMyJoVE Corp$c2016
=300  \\$aonline resource (347 seconds)
=490  0\$aMedicine
=500  \\$aTitle from resource description page
=520  \\$aThe surgical procedure used to induce experimental myocardial infarction in mice begins with left thoracotomy between the third and the fourth ribs in order to visualize the anterior surface of the heart and left lung. The left coronary artery is ligated, the chest is closed and the mouse is allowed to recover spontaneously.
=521  \\$aFor undergraduate, graduate, and professional students
=546  \\$aEnglish
=650  \0$aMedicine
=856  40$uhttps://www.jove.com/video/3093
=945  \\$aThe Whole World

