=LDR  00808ngm a2200000i 4500
=001  JoVEBiology50191
=008  161201s2016\\\\xx\\\\\g\\\\\\s\\\\\eng\d
=035  \\$a(OCoLC)733445860
=040  \\$aVaAlASP$cVaAlASP
=100  1\$aLiisberg Aune,Ulrike
=245  12$aIsolation and Differentiation of Stromal Vascular Cells to Beige/Brite Cells$h[electronic resource]
=260  \\$aCambridge, MA$bMyJoVE Corp$c2016
=300  \\$aonline resource (442 seconds)
=490  0\$aBiology
=500  \\$aTitle from resource description page
=520  \\$aPrimary white preadipocytes isolated from white adipose tissues in mice can be differentiated into beige/brite cells. Presented here is a reliable cellular model system to study the molecular regulation of "browning" of white fat.
=521  \\$aFor undergraduate, graduate, and professional students
=546  \\$aEnglish
=650  \0$aBiology
=856  40$uhttps://www.jove.com/video/50191
=945  \\$aThe Whole World

