=LDR  00737ngm a2200000i 4500
=001  JoVEMedicine50272
=008  161201s2016\\\\xx\\\\\g\\\\\\s\\\\\eng\d
=035  \\$a(OCoLC)733445860
=040  \\$aVaAlASP$cVaAlASP
=100  1\$aConnors,Erin C.
=245  12$aDevelopment of an Audio-based Virtual Gaming Environment to Assist with Navigation Skills in the Blind$h[electronic resource]
=260  \\$aCambridge, MA$bMyJoVE Corp$c2016
=300  \\$aonline resource (541 seconds)
=490  0\$aMedicine
=500  \\$aTitle from resource description page
=520  \\$aAudio-based Environment Simulator (AbES) is virtual environment software designed to improve real world navigation skills in the blind.
=521  \\$aFor undergraduate, graduate, and professional students
=546  \\$aEnglish
=650  \0$aMedicine
=856  40$uhttps://www.jove.com/video/50272
=945  \\$aThe Whole World

