=LDR  00889ngm a2200000i 4500
=001  JoVEMedicine50119
=008  161201s2016\\\\xx\\\\\g\\\\\\s\\\\\eng\d
=035  \\$a(OCoLC)733445860
=040  \\$aVaAlASP$cVaAlASP
=100  1\$aGutpell,Kelly
=245  12$aMolecular Imaging to Target Transplanted Muscle Progenitor Cells$h[electronic resource]
=260  \\$aCambridge, MA$bMyJoVE Corp$c2016
=300  \\$aonline resource (565 seconds)
=490  0\$aMedicine
=500  \\$aTitle from resource description page
=520  \\$aA non-invasive means to evaluate the success of myoblast transplantation is described. The method takes advantage of a unified fusion reporter gene composed of genes whose expression can be imaged with different imaging modalities. Here, we make use of a fluc reporter gene sequence to target cells via bioluminescence imaging.
=521  \\$aFor undergraduate, graduate, and professional students
=546  \\$aEnglish
=650  \0$aMedicine
=856  40$uhttps://www.jove.com/video/50119
=945  \\$aThe Whole World

