=LDR  00704ngm a2200000i 4500
=001  JoVEMedicine50088
=008  161201s2016\\\\xx\\\\\g\\\\\\s\\\\\eng\d
=035  \\$a(OCoLC)733445860
=040  \\$aVaAlASP$cVaAlASP
=100  1\$aNakasone,Elizabeth S.
=245  12$aLive Imaging of Drug Responses in the Tumor Microenvironment in Mouse Models of Breast Cancer$h[electronic resource]
=260  \\$aCambridge, MA$bMyJoVE Corp$c2016
=300  \\$aonline resource (506 seconds)
=490  0\$aMedicine
=500  \\$aTitle from resource description page
=520  \\$aWe describe a method for imaging response to anti-cancer treatment in vivo and at single cell resolution.
=521  \\$aFor undergraduate, graduate, and professional students
=546  \\$aEnglish
=650  \0$aMedicine
=856  40$uhttps://www.jove.com/video/50088
=945  \\$aThe Whole World

