=LDR  00740ngm a2200000i 4500
=001  JoVEMedicine50301
=008  161201s2016\\\\xx\\\\\g\\\\\\s\\\\\eng\d
=035  \\$a(OCoLC)733445860
=040  \\$aVaAlASP$cVaAlASP
=100  1\$aCreedon,Christopher T.
=245  12$aAssessment of Gastric Emptying in Non-obese Diabetic Mice Using a [13C]-octanoic Acid Breath Test$h[electronic resource]
=260  \\$aCambridge, MA$bMyJoVE Corp$c2016
=300  \\$aonline resource (744 seconds)
=490  0\$aMedicine
=500  \\$aTitle from resource description page
=520  \\$aDetermination of gastric emptying with a non-invasive [13C]-octanoic acid breath test for tracking gastroparesis in female NOD LtJ mice.
=521  \\$aFor undergraduate, graduate, and professional students
=546  \\$aEnglish
=650  \0$aMedicine
=856  40$uhttps://www.jove.com/video/50301
=945  \\$aThe Whole World

