=LDR  00900ngm a2200000i 4500
=001  JoVEBiology50250
=008  161201s2016\\\\xx\\\\\g\\\\\\s\\\\\eng\d
=035  \\$a(OCoLC)733445860
=040  \\$aVaAlASP$cVaAlASP
=100  1\$aDoney,Evan
=245  12$a3D Printing of Preclinical X-ray Computed Tomographic Data Sets$h[electronic resource]
=260  \\$aCambridge, MA$bMyJoVE Corp$c2016
=300  \\$aonline resource (666 seconds)
=490  0\$aBiology
=500  \\$aTitle from resource description page
=520  \\$aUsing modern plastic extrusion and printing technologies, it is now possible to quickly and inexpensively produce physical models of X-ray CT data taken in a laboratory.  The three -dimensional printing of tomographic data is a powerful visualization, research, and educational tool that may now be accessed by the preclinical imaging community.
=521  \\$aFor undergraduate, graduate, and professional students
=546  \\$aEnglish
=650  \0$aBiology
=856  40$uhttps://www.jove.com/video/50250
=945  \\$aThe Whole World

