=LDR  00920ngm a2200000i 4500
=001  JoVEBiology50074
=008  161201s2016\\\\xx\\\\\g\\\\\\s\\\\\eng\d
=035  \\$a(OCoLC)733445860
=040  \\$aVaAlASP$cVaAlASP
=100  1\$aPasut,Alessandra
=245  12$aIsolation and Culture of Individual Myofibers and their Satellite Cells from Adult Skeletal Muscle$h[electronic resource]
=260  \\$aCambridge, MA$bMyJoVE Corp$c2016
=300  \\$aonline resource (717 seconds)
=490  0\$aBiology
=500  \\$aTitle from resource description page
=520  \\$aIsolation and culture of myofibers is the gold standard in vitro system to study the transition of satellite cells through quiescence, activation and differentiation.  Importantly, the single myofiber culture system preserves the myofiber/stem cell association, which is an essential component of the muscle stem cell niche.
=521  \\$aFor undergraduate, graduate, and professional students
=546  \\$aEnglish
=650  \0$aBiology
=856  40$uhttps://www.jove.com/video/50074
=945  \\$aThe Whole World

