=LDR  00841ngm a2200000i 4500
=001  JoVEMedicine50318
=008  161201s2016\\\\xx\\\\\g\\\\\\s\\\\\eng\d
=035  \\$a(OCoLC)733445860
=040  \\$aVaAlASP$cVaAlASP
=100  1\$aDas,Sandhya
=245  12$aA Simple Method of Mouse Lung Intubation$h[electronic resource]
=260  \\$aCambridge, MA$bMyJoVE Corp$c2016
=300  \\$aonline resource (426 seconds)
=490  0\$aMedicine
=500  \\$aTitle from resource description page
=520  \\$aThis paper describes a striaghforward and efficient method of intubating mice for pulmonary function measurements or pulmonary instillation, that allows the mice to recover and be studied at later times.  The procedure involves an inexpensive fiberoptic light source that directly illuminates the trachea.
=521  \\$aFor undergraduate, graduate, and professional students
=546  \\$aEnglish
=650  \0$aMedicine
=856  40$uhttps://www.jove.com/video/50318
=945  \\$aThe Whole World

