=LDR  00880ngm a2200000i 4500
=001  JoVEMedicine4315
=008  161201s2016\\\\xx\\\\\g\\\\\\s\\\\\eng\d
=035  \\$a(OCoLC)733445860
=040  \\$aVaAlASP$cVaAlASP
=100  1\$aProtheroe,Clare L.
=245  12$aTilt Testing with Combined Lower Body Negative Pressure: a "Gold Standard" for Measuring Orthostatic Tolerance$h[electronic resource]
=260  \\$aCambridge, MA$bMyJoVE Corp$c2016
=300  \\$aonline resource (849 seconds)
=490  0\$aMedicine
=500  \\$aTitle from resource description page
=520  \\$aWe describe a "gold standard" for evaluating orthostatic tolerance (OT) using tilt testing with combined lower body negative pressure (LBNP). This can be combined with non-invasive evaluations of cardiovascular reflex control. Normal and abnormal responses are defined.
=521  \\$aFor undergraduate, graduate, and professional students
=546  \\$aEnglish
=650  \0$aMedicine
=856  40$uhttps://www.jove.com/video/4315
=945  \\$aThe Whole World

