=LDR  00740ngm a2200000i 4500
=001  JoVEMedicine50062
=008  161201s2016\\\\xx\\\\\g\\\\\\s\\\\\eng\d
=035  \\$a(OCoLC)733445860
=040  \\$aVaAlASP$cVaAlASP
=100  1\$aRadu,Maria
=245  12$aAn in vivo Assay to Test Blood Vessel Permeability$h[electronic resource]
=260  \\$aCambridge, MA$bMyJoVE Corp$c2016
=300  \\$aonline resource (423 seconds)
=490  0\$aMedicine
=500  \\$aTitle from resource description page
=520  \\$aWe are presenting an in vivo assay to test blood vessel permeability. This assay is based on intravenous injection of a dye and subsequent visualization of its diffusion into interstitial spaces.
=521  \\$aFor undergraduate, graduate, and professional students
=546  \\$aEnglish
=650  \0$aMedicine
=856  40$uhttps://www.jove.com/video/50062
=945  \\$aThe Whole World

