=LDR  00867ngm a2200000i 4500
=001  JoVEBiology50245
=008  161201s2016\\\\xx\\\\\g\\\\\\s\\\\\eng\d
=035  \\$a(OCoLC)733445860
=040  \\$aVaAlASP$cVaAlASP
=100  1\$aJensen,Kurt
=245  12$aPurification of Transcripts and Metabolites from Drosophila Heads$h[electronic resource]
=260  \\$aCambridge, MA$bMyJoVE Corp$c2016
=300  \\$aonline resource (769 seconds)
=490  0\$aBiology
=500  \\$aTitle from resource description page
=520  \\$aWe describe here the procedures for the extraction and purification of mRNA and metabolites from Drosophila heads. We are applying these techniques to better understand the cellular perturbations underlying neuronal degeneration. These methodologies can be easily scaled and adapted for other "omic" projects.
=521  \\$aFor undergraduate, graduate, and professional students
=546  \\$aEnglish
=650  \0$aBiology
=856  40$uhttps://www.jove.com/video/50245
=945  \\$aThe Whole World

