=LDR  00951ngm a2200000i 4500
=001  JoVEBiology50042
=008  161201s2016\\\\xx\\\\\g\\\\\\s\\\\\eng\d
=035  \\$a(OCoLC)733445860
=040  \\$aVaAlASP$cVaAlASP
=100  1\$aHensel,Zach
=245  12$aSingle-molecule Imaging of Gene Regulation In vivo Using Cotranslational Activation by Cleavage (CoTrAC)$h[electronic resource]
=260  \\$aCambridge, MA$bMyJoVE Corp$c2016
=300  \\$aonline resource (691 seconds)
=490  0\$aBiology
=500  \\$aTitle from resource description page
=520  \\$aWe describe a fluorescence microscopy method, Co-Translational Activation by Cleavage (CoTrAC), to image the production of protein molecules in live cells with single-molecule precision without perturbing the protein's functionality. This method has been used to follow the stochastic expression dynamics of a transcription factor, the λ repressor CI 1.
=521  \\$aFor undergraduate, graduate, and professional students
=546  \\$aEnglish
=650  \0$aBiology
=856  40$uhttps://www.jove.com/video/50042
=945  \\$aThe Whole World

