=LDR  00921ngm a2200000i 4500
=001  JoVEMedicine4379
=008  161201s2016\\\\xx\\\\\g\\\\\\s\\\\\eng\d
=035  \\$a(OCoLC)733445860
=040  \\$aVaAlASP$cVaAlASP
=100  1\$aLin,Pei-Yi
=245  12$aNon-invasive Optical Measurement of Cerebral Metabolism and Hemodynamics in Infants$h[electronic resource]
=260  \\$aCambridge, MA$bMyJoVE Corp$c2016
=300  \\$aonline resource (699 seconds)
=490  0\$aMedicine
=500  \\$aTitle from resource description page
=520  \\$aWe combined frequency-domain near-infrared spectroscopy measures of cerebral hemoglobin oxygenation with diffuse correlation spectroscopy measures of cerebral blood flow index to estimate an index of oxygen metabolism. We tested the utility of this measure as a bedside screening tool to evaluate the health and development of the newborn brain.
=521  \\$aFor undergraduate, graduate, and professional students
=546  \\$aEnglish
=650  \0$aMedicine
=856  40$uhttps://www.jove.com/video/4379
=945  \\$aThe Whole World

