=LDR  00918ngm a2200000i 4500
=001  JoVEMedicine50200
=008  161201s2016\\\\xx\\\\\g\\\\\\s\\\\\eng\d
=035  \\$a(OCoLC)733445860
=040  \\$aVaAlASP$cVaAlASP
=100  1\$aWelte,Yvonne
=245  12$aPatient Derived Cell Culture and Isolation of CD133+ Putative Cancer Stem Cells from Melanoma$h[electronic resource]
=260  \\$aCambridge, MA$bMyJoVE Corp$c2016
=300  \\$aonline resource (736 seconds)
=490  0\$aMedicine
=500  \\$aTitle from resource description page
=520  \\$aThis article describes the preparation of freshly obtained melanoma tissue into primary cell cultures, and how to remove contaminations of erythrocytes and fibroblasts from the tumor cells. Finally, we describe how CD133+ putative melanoma stem cells are sorted from the CD133- bulk using Magnetic Activated Cell Sorting (MACS).
=521  \\$aFor undergraduate, graduate, and professional students
=546  \\$aEnglish
=650  \0$aMedicine
=856  40$uhttps://www.jove.com/video/50200
=945  \\$aThe Whole World

