=LDR  00996ngm a2200000i 4500
=001  JoVEBiology50145
=008  161201s2016\\\\xx\\\\\g\\\\\\s\\\\\eng\d
=035  \\$a(OCoLC)733445860
=040  \\$aVaAlASP$cVaAlASP
=100  1\$aKöhncke,Clemens
=245  12$aIsolation and Kv Channel Recordings in Murine Atrial and Ventricular Cardiomyocytes$h[electronic resource]
=260  \\$aCambridge, MA$bMyJoVE Corp$c2016
=300  \\$aonline resource (693 seconds)
=490  0\$aBiology
=500  \\$aTitle from resource description page
=520  \\$aKv channel dysfunction is associated with cardiac arrhythmias. In order to study the molecular mechanisms that lead to such arrhythmias we utilize a systematic protocol for isolation of atrial and ventricular cardiomyocytes from Kv channel ancillary subunit knockout mice. Isolated cardiomyocytes can then immediately be used for cellular electrophysiological studies, biochemical or immunofluorescence (IF) assays.
=521  \\$aFor undergraduate, graduate, and professional students
=546  \\$aEnglish
=650  \0$aBiology
=856  40$uhttps://www.jove.com/video/50145
=945  \\$aThe Whole World

