=LDR  00893ngm a2200000i 4500
=001  JoVEBiology50061
=008  161201s2016\\\\xx\\\\\g\\\\\\s\\\\\eng\d
=035  \\$a(OCoLC)733445860
=040  \\$aVaAlASP$cVaAlASP
=100  1\$aSchmitz,Oswald J.
=245  12$aLinking Predation Risk, Herbivore Physiological Stress and Microbial Decomposition of Plant Litter$h[electronic resource]
=260  \\$aCambridge, MA$bMyJoVE Corp$c2016
=300  \\$aonline resource (620 seconds)
=490  0\$aBiology
=500  \\$aTitle from resource description page
=520  \\$aWe present methods to evaluate how predation risk can alter the chemical quality of herbivore prey by inducing dietary changes to meet demands of heightened stress, and how the decomposition of carcasses from these stressed herbivores slows subsequent plant litter decomposition by soil microbes.
=521  \\$aFor undergraduate, graduate, and professional students
=546  \\$aEnglish
=650  \0$aBiology
=856  40$uhttps://www.jove.com/video/50061
=945  \\$aThe Whole World

