=LDR  00929ngm a2200000i 4500
=001  JoVEMedicine50466
=008  161201s2016\\\\xx\\\\\g\\\\\\s\\\\\eng\d
=035  \\$a(OCoLC)733445860
=040  \\$aVaAlASP$cVaAlASP
=100  1\$aAbdulreda,Midhat H.
=245  12$aTransplantation into the Anterior Chamber of the Eye for Longitudinal, Non-invasive In vivo Imaging with Single-cell Resolution in Real-time$h[electronic resource]
=260  \\$aCambridge, MA$bMyJoVE Corp$c2016
=300  \\$aonline resource (354 seconds)
=490  0\$aMedicine
=500  \\$aTitle from resource description page
=520  \\$aA new approach combining intraocular transplantation and confocal microscopy enables longitudinal, non-invasive real-time imaging with single-cell resolution within grafted tissues in vivo.  We demonstrate how to transplant pancreatic islets into the anterior chamber of the mouse eye.
=521  \\$aFor undergraduate, graduate, and professional students
=546  \\$aEnglish
=650  \0$aMedicine
=856  40$uhttps://www.jove.com/video/50466
=945  \\$aThe Whole World

