=LDR  00941ngm a2200000i 4500
=001  JoVEMedicine50193
=008  161201s2016\\\\xx\\\\\g\\\\\\s\\\\\eng\d
=035  \\$a(OCoLC)733445860
=040  \\$aVaAlASP$cVaAlASP
=100  1\$aAn,Ningfei
=245  12$aUsing Quantitative Real-time PCR to Determine Donor Cell Engraftment in a Competitive Murine Bone Marrow Transplantation Model$h[electronic resource]
=260  \\$aCambridge, MA$bMyJoVE Corp$c2016
=300  \\$aonline resource (611 seconds)
=490  0\$aMedicine
=500  \\$aTitle from resource description page
=520  \\$aDetermining donor cell engraftment presents a challenge in mouse bone marrow transplant models that lack well-defined phenotypical markers. We described a methodology to quantify male donor cell engraftment in female transplant recipient mice. This method can be used in all mouse strains for the study of HSC functions.
=521  \\$aFor undergraduate, graduate, and professional students
=546  \\$aEnglish
=650  \0$aMedicine
=856  40$uhttps://www.jove.com/video/50193
=945  \\$aThe Whole World

