=LDR  00863ngm a2200000i 4500
=001  JoVEMedicine4376
=008  161201s2016\\\\xx\\\\\g\\\\\\s\\\\\eng\d
=035  \\$a(OCoLC)733445860
=040  \\$aVaAlASP$cVaAlASP
=100  1\$aNagai,Kazuyuki
=245  12$aSurgical Procedures for a Rat Model of Partial Orthotopic Liver Transplantation with Hepatic Arterial Reconstruction$h[electronic resource]
=260  \\$aCambridge, MA$bMyJoVE Corp$c2016
=300  \\$aonline resource (1127 seconds)
=490  0\$aMedicine
=500  \\$aTitle from resource description page
=520  \\$aOrthotopic liver transplantation in rats is an indispensable experimental model for biomedical research. Here we present our surgical procedures for orthotopic rat liver transplantation with hepatic arterial reconstruction using a 50% partial graft.
=521  \\$aFor undergraduate, graduate, and professional students
=546  \\$aEnglish
=650  \0$aMedicine
=856  40$uhttps://www.jove.com/video/4376
=945  \\$aThe Whole World

