=LDR  00955ngm a2200000i 4500
=001  JoVEBiology50171
=008  161201s2016\\\\xx\\\\\g\\\\\\s\\\\\eng\d
=035  \\$a(OCoLC)733445860
=040  \\$aVaAlASP$cVaAlASP
=100  1\$aGomez-Martinez,Marta
=245  12$aGeneration of Stable Human Cell Lines with Tetracycline-inducible (Tet-on) shRNA or cDNA Expression$h[electronic resource]
=260  \\$aCambridge, MA$bMyJoVE Corp$c2016
=300  \\$aonline resource (591 seconds)
=490  0\$aBiology
=500  \\$aTitle from resource description page
=520  \\$aA rapid and simple way to generate human cell lines with inducible and reversible cDNA overexpression or shRNA-mediated knock-down of the gene of interest. This method enables researchers to reliably and highly reproducibly manipulate cell lines that are difficult to alter by transient transfection methods or conventional knockdown/knockout strategies.
=521  \\$aFor undergraduate, graduate, and professional students
=546  \\$aEnglish
=650  \0$aBiology
=856  40$uhttps://www.jove.com/video/50171
=945  \\$aThe Whole World

