=LDR  00933ngm a2200000i 4500
=001  JoVEBiology4335
=008  161201s2016\\\\xx\\\\\g\\\\\\s\\\\\eng\d
=035  \\$a(OCoLC)733445860
=040  \\$aVaAlASP$cVaAlASP
=100  1\$aZhang,Miao
=245  12$aRapid and Efficient Generation of Neurons from Human Pluripotent Stem Cells in a Multititre Plate Format$h[electronic resource]
=260  \\$aCambridge, MA$bMyJoVE Corp$c2016
=300  \\$aonline resource (447 seconds)
=490  0\$aBiology
=500  \\$aTitle from resource description page
=520  \\$aProtocols for neuronal differentiation of pluripotent human stem cells (hPSCs) are often time-consuming and require substantial cell culture skills. Here, we have adapted a small molecule-based differentiation procedure to a multititre plate format, allowing simple, rapid, and efficient generation of human neurons in a controlled manner.
=521  \\$aFor undergraduate, graduate, and professional students
=546  \\$aEnglish
=650  \0$aBiology
=856  40$uhttps://www.jove.com/video/4335
=945  \\$aThe Whole World

