=LDR  00950ngm a2200000i 4500
=001  JoVEMedicine50218
=008  161201s2016\\\\xx\\\\\g\\\\\\s\\\\\eng\d
=035  \\$a(OCoLC)733445860
=040  \\$aVaAlASP$cVaAlASP
=100  1\$aGuendel,Alexander Michael
=245  12$aMurine Spinotrapezius Model to Assess the Impact of Arteriolar Ligation on Microvascular Function and Remodeling$h[electronic resource]
=260  \\$aCambridge, MA$bMyJoVE Corp$c2016
=300  \\$aonline resource (1021 seconds)
=490  0\$aMedicine
=500  \\$aTitle from resource description page
=520  \\$aWe demonstrate a novel arterial ligation model in murine spinotrapezius muscle, including a step-by-step procedure and description of required instrumentation. We describe the surgery and relevant outcome measurements relating to vascular network remodeling and functional vasodilation using intravital and confocal microscopy.
=521  \\$aFor undergraduate, graduate, and professional students
=546  \\$aEnglish
=650  \0$aMedicine
=856  40$uhttps://www.jove.com/video/50218
=945  \\$aThe Whole World

