=LDR  00900ngm a2200000i 4500
=001  JoVEMedicine50232
=008  161201s2016\\\\xx\\\\\g\\\\\\s\\\\\eng\d
=035  \\$a(OCoLC)733445860
=040  \\$aVaAlASP$cVaAlASP
=100  1\$aIntine,Robert V.
=245  12$aA Zebrafish Model of Diabetes Mellitus and Metabolic Memory$h[electronic resource]
=260  \\$aCambridge, MA$bMyJoVE Corp$c2016
=300  \\$aonline resource (603 seconds)
=490  0\$aMedicine
=500  \\$aTitle from resource description page
=520  \\$aMetabolic memory is the phenomenon by which diabetic complications persist and progress unimpeded even after euglycemia is achieved pharmaceutically. Here we describe a diabetes mellitus zebrafish model which is unique in that it allows for the examination of the mitotically transmissible epigenetic components of metabolic memory in vivo.
=521  \\$aFor undergraduate, graduate, and professional students
=546  \\$aEnglish
=650  \0$aMedicine
=856  40$uhttps://www.jove.com/video/50232
=945  \\$aThe Whole World

