=LDR  00692ngm a2200000i 4500
=001  JoVEBiology4344
=008  161201s2016\\\\xx\\\\\g\\\\\\s\\\\\eng\d
=035  \\$a(OCoLC)733445860
=040  \\$aVaAlASP$cVaAlASP
=100  1\$aWoo,Wei-Meng
=245  12$aRapid Genetic Analysis of Epithelial-Mesenchymal Signaling During Hair Regeneration$h[electronic resource]
=260  \\$aCambridge, MA$bMyJoVE Corp$c2016
=300  \\$aonline resource (609 seconds)
=490  0\$aBiology
=500  \\$aTitle from resource description page
=520  \\$aTissue-specific analysis of a hair follicle regeneration model using lentivirus to mediate gain- or loss-of-function.
=521  \\$aFor undergraduate, graduate, and professional students
=546  \\$aEnglish
=650  \0$aBiology
=856  40$uhttps://www.jove.com/video/4344
=945  \\$aThe Whole World

