=LDR  00887ngm a2200000i 4500
=001  JoVEMedicine50247
=008  161201s2016\\\\xx\\\\\g\\\\\\s\\\\\eng\d
=035  \\$a(OCoLC)733445860
=040  \\$aVaAlASP$cVaAlASP
=100  1\$aKosmidou,Ioanna
=245  12$aDirect Pressure Monitoring Accurately Predicts Pulmonary Vein Occlusion During Cryoballoon Ablation$h[electronic resource]
=260  \\$aCambridge, MA$bMyJoVE Corp$c2016
=300  \\$aonline resource (663 seconds)
=490  0\$aMedicine
=500  \\$aTitle from resource description page
=520  \\$aEffective pulmonary vein isolation utilizing a cryoballoon depends on complete pulmonary vein occlusion. The point of occlusion can be effectively predicted by direct analysis of pulmonary vein pressure waveform analysis during balloon inflation using a simple and reproducible technique.
=521  \\$aFor undergraduate, graduate, and professional students
=546  \\$aEnglish
=650  \0$aMedicine
=856  40$uhttps://www.jove.com/video/50247
=945  \\$aThe Whole World

