=LDR  00767ngm a2200000i 4500
=001  JoVEMedicine3818
=008  161201s2016\\\\xx\\\\\g\\\\\\s\\\\\eng\d
=035  \\$a(OCoLC)733445860
=040  \\$aVaAlASP$cVaAlASP
=100  1\$aSwaans,Martin J.
=245  12$aCatheter Ablation in Combination With Left Atrial Appendage Closure for Atrial Fibrillation$h[electronic resource]
=260  \\$aCambridge, MA$bMyJoVE Corp$c2016
=300  \\$aonline resource (1693 seconds)
=490  0\$aMedicine
=500  \\$aTitle from resource description page
=520  \\$aCatheter ablation is combined with placement of the WATCHMAN Left Atrial Appendage Closure Device to prevent ischemic stroke in a patient with non-valvular atrial fibrillation.
=521  \\$aFor undergraduate, graduate, and professional students
=546  \\$aEnglish
=650  \0$aMedicine
=856  40$uhttps://www.jove.com/video/3818
=945  \\$aThe Whole World

