=LDR  00751ngm a2200000i 4500
=001  JoVEBiology50130
=008  161201s2016\\\\xx\\\\\g\\\\\\s\\\\\eng\d
=035  \\$a(OCoLC)733445860
=040  \\$aVaAlASP$cVaAlASP
=100  1\$aQi,Feng
=245  12$aTrajectory Data Analyses for Pedestrian Space-time Activity Study$h[electronic resource]
=260  \\$aCambridge, MA$bMyJoVE Corp$c2016
=300  \\$aonline resource (974 seconds)
=490  0\$aBiology
=500  \\$aTitle from resource description page
=520  \\$aA suite of spatiotemporal processing methods are presented to analyze human trajectory data, such as that collected using a GPS device, for the purpose of modeling pedestrian space-time activities.
=521  \\$aFor undergraduate, graduate, and professional students
=546  \\$aEnglish
=650  \0$aBiology
=856  40$uhttps://www.jove.com/video/50130
=945  \\$aThe Whole World

