=LDR  00958ngm a2200000i 4500
=001  JoVEBiology50017
=008  161201s2016\\\\xx\\\\\g\\\\\\s\\\\\eng\d
=035  \\$a(OCoLC)733445860
=040  \\$aVaAlASP$cVaAlASP
=100  1\$aMartin,Laura A.
=245  12$aSerial Enrichment of Spermatogonial Stem and Progenitor Cells (SSCs) in Culture for Derivation of Long-term Adult Mouse SSC Lines$h[electronic resource]
=260  \\$aCambridge, MA$bMyJoVE Corp$c2016
=300  \\$aonline resource (746 seconds)
=490  0\$aBiology
=500  \\$aTitle from resource description page
=520  \\$aA simple method to derive and maintain spermatogonial stem and progenitor cell lines from adult mice is presented here.  The method utilizes feeder cells originating from the somatic cell compartment of the adult mouse testis. This technique is applicable to common mouse strains, including transgenic, knock-out, and knock-in mice.
=521  \\$aFor undergraduate, graduate, and professional students
=546  \\$aEnglish
=650  \0$aBiology
=856  40$uhttps://www.jove.com/video/50017
=945  \\$aThe Whole World

