=LDR  00932ngm a2200000i 4500
=001  JoVEBiology50262
=008  161201s2016\\\\xx\\\\\g\\\\\\s\\\\\eng\d
=035  \\$a(OCoLC)733445860
=040  \\$aVaAlASP$cVaAlASP
=100  1\$aMiller,Aaron  W.
=245  12$aDesign and Use of Multiplexed Chemostat Arrays$h[electronic resource]
=260  \\$aCambridge, MA$bMyJoVE Corp$c2016
=300  \\$aonline resource (1145 seconds)
=490  0\$aBiology
=500  \\$aTitle from resource description page
=520  \\$aWe developed and validated a small-footprint array of miniature chemostats built from readily available parts for low cost. Physiological and experimental evolution results were similar to larger volume chemostats. The ministat array provides a compact, inexpensive, and accessible platform for traditional chemostat experiments, functional genomics, and chemical screening applications.
=521  \\$aFor undergraduate, graduate, and professional students
=546  \\$aEnglish
=650  \0$aBiology
=856  40$uhttps://www.jove.com/video/50262
=945  \\$aThe Whole World

