=LDR  00920ngm a2200000i 4500
=001  JoVEMedicine50322
=008  161201s2016\\\\xx\\\\\g\\\\\\s\\\\\eng\d
=035  \\$a(OCoLC)733445860
=040  \\$aVaAlASP$cVaAlASP
=100  1\$aYang,Yimu
=245  12$aIn vivo Measurement of the Mouse Pulmonary Endothelial Surface Layer$h[electronic resource]
=260  \\$aCambridge, MA$bMyJoVE Corp$c2016
=300  \\$aonline resource (535 seconds)
=490  0\$aMedicine
=500  \\$aTitle from resource description page
=520  \\$aThe endothelial glycocalyx/endothelial surface layer is ideally studied using intravital microscopy.  Intravital microscopy is technically challenging in a moving organ such as the lung.   We demonstrate how simultaneous brightfield and fluorescent microscopy may be used to estimate endothelial surface layer thickness in a freely-moving in vivo mouse lung.
=521  \\$aFor undergraduate, graduate, and professional students
=546  \\$aEnglish
=650  \0$aMedicine
=856  40$uhttps://www.jove.com/video/50322
=945  \\$aThe Whole World

