=LDR  00956ngm a2200000i 4500
=001  JoVEMedicine50015
=008  161201s2016\\\\xx\\\\\g\\\\\\s\\\\\eng\d
=035  \\$a(OCoLC)733445860
=040  \\$aVaAlASP$cVaAlASP
=100  1\$aRegenhardt,Robert W.
=245  12$aUtilizing a Cranial Window to Visualize the Middle Cerebral Artery During Endothelin-1 Induced Middle Cerebral Artery Occlusion$h[electronic resource]
=260  \\$aCambridge, MA$bMyJoVE Corp$c2016
=300  \\$aonline resource (463 seconds)
=490  0\$aMedicine
=500  \\$aTitle from resource description page
=520  \\$aThis article describes a method for visualizing rat cerebral arteries through a cranial window using temporal craniectomy in order to view proximal portions of the middle cerebral artery (Figure 1). This versatile method can be combined with various techniques of drug delivery to measure cerebral artery reactivity in vivo.
=521  \\$aFor undergraduate, graduate, and professional students
=546  \\$aEnglish
=650  \0$aMedicine
=856  40$uhttps://www.jove.com/video/50015
=945  \\$aThe Whole World

