=LDR  00849ngm a2200000i 4500
=001  JoVEBiology4434
=008  161201s2016\\\\xx\\\\\g\\\\\\s\\\\\eng\d
=035  \\$a(OCoLC)733445860
=040  \\$aVaAlASP$cVaAlASP
=100  1\$aCocchiaro,Jordan L.
=245  12$aMicrogavage of Zebrafish Larvae$h[electronic resource]
=260  \\$aCambridge, MA$bMyJoVE Corp$c2016
=300  \\$aonline resource (653 seconds)
=490  0\$aBiology
=500  \\$aTitle from resource description page
=520  \\$aWe present a novel method for microgavage of larval zebrafish utilizing standard embryo microinjection and stereomicroscopy equipment. We demonstrate that microgavage is a safe and efficient technique useful for delivering controlled amounts of diverse materials specifically into the larval zebrafish intestinal lumen.
=521  \\$aFor undergraduate, graduate, and professional students
=546  \\$aEnglish
=650  \0$aBiology
=856  40$uhttps://www.jove.com/video/4434
=945  \\$aThe Whole World

