=LDR  00975ngm a2200000i 4500
=001  JoVEBiology3891
=008  161201s2016\\\\xx\\\\\g\\\\\\s\\\\\eng\d
=035  \\$a(OCoLC)733445860
=040  \\$aVaAlASP$cVaAlASP
=100  1\$aKlingler,Diana
=245  12$aProtease- and Acid-catalyzed Labeling Workflows Employing 18O-enriched Water$h[electronic resource]
=260  \\$aCambridge, MA$bMyJoVE Corp$c2016
=300  \\$aonline resource (584 seconds)
=490  0\$aBiology
=500  \\$aTitle from resource description page
=520  \\$aStable isotope labeling workflows employing 18O-enriched water (LeO-workflows) are versatile tools for quantitative and qualitative proteomics studies. In protease-assisted (PALeO) workflows, 18O-atoms are introduced by proteolytic cleavage and carboxyl oxygen exchange reactions mediated by proteases. In the acid-catalyzed (ALeO) workflow, 18O-atoms are introduced by carboxyl oxygen exchange at low pH.
=521  \\$aFor undergraduate, graduate, and professional students
=546  \\$aEnglish
=650  \0$aBiology
=856  40$uhttps://www.jove.com/video/3891
=945  \\$aThe Whole World

