=LDR  01007ngm a2200000i 4500
=001  JoVEBiology50201
=008  161201s2016\\\\xx\\\\\g\\\\\\s\\\\\eng\d
=035  \\$a(OCoLC)733445860
=040  \\$aVaAlASP$cVaAlASP
=100  1\$aDürr,Katharina  L.
=245  12$aMeasuring Cation Transport by Na,K- and H,K-ATPase in Xenopus Oocytes by Atomic Absorption Spectrophotometry: An Alternative to Radioisotope Assays$h[electronic resource]
=260  \\$aCambridge, MA$bMyJoVE Corp$c2016
=300  \\$aonline resource (768 seconds)
=490  0\$aBiology
=500  \\$aTitle from resource description page
=520  \\$aWe describe a method to quantify the activity of K+-countertransporting P-type ATPases by heterologous expression of the enzymes in Xenopus oocytes and measuring Rb+ or Li+ uptake into individual cells by atomic absorption spectrophotometry. The method is a sensitive and safe alternative to radioisotope flux experiments facilitating complex kinetic studies.
=521  \\$aFor undergraduate, graduate, and professional students
=546  \\$aEnglish
=650  \0$aBiology
=856  40$uhttps://www.jove.com/video/50201
=945  \\$aThe Whole World

