=LDR  00978ngm a2200000i 4500
=001  JoVEMedicine50214
=008  161201s2016\\\\xx\\\\\g\\\\\\s\\\\\eng\d
=035  \\$a(OCoLC)733445860
=040  \\$aVaAlASP$cVaAlASP
=100  1\$aBeretta,Simone
=245  12$aOptimized System for Cerebral Perfusion Monitoring in the Rat Stroke Model of Intraluminal Middle Cerebral Artery Occlusion$h[electronic resource]
=260  \\$aCambridge, MA$bMyJoVE Corp$c2016
=300  \\$aonline resource (750 seconds)
=490  0\$aMedicine
=500  \\$aTitle from resource description page
=520  \\$aCerebral perfusion monitoring has been demonstrated to improve accuracy in ischemic stroke models. Technical difficulties often limit the use of this essential tool for cerebrovascular research. In this video, an optimized system is shown to obtain a single or multi-site hemodynamic monitoring during intraluminal middle cerebral artery occlusion in rats.
=521  \\$aFor undergraduate, graduate, and professional students
=546  \\$aEnglish
=650  \0$aMedicine
=856  40$uhttps://www.jove.com/video/50214
=945  \\$aThe Whole World

