=LDR  00955ngm a2200000i 4500
=001  JoVEMedicine50014
=008  161201s2016\\\\xx\\\\\g\\\\\\s\\\\\eng\d
=035  \\$a(OCoLC)733445860
=040  \\$aVaAlASP$cVaAlASP
=100  1\$aAnsari,Saeed
=245  12$aEndothelin-1 Induced Middle Cerebral Artery Occlusion Model for Ischemic Stroke with Laser Doppler Flowmetry Guidance in Rat$h[electronic resource]
=260  \\$aCambridge, MA$bMyJoVE Corp$c2016
=300  \\$aonline resource (446 seconds)
=490  0\$aMedicine
=500  \\$aTitle from resource description page
=520  \\$aSeveral animal models of cerebral ischemia have been developed to simulate the human condition of stroke. This protocol describes the endothelin-1 (ET-1) induced middle cerebral artery occlusion (MCAO) model for ischemic stroke in rats.  In addition, important considerations, advantages, and shortcomings of this model are discussed.
=521  \\$aFor undergraduate, graduate, and professional students
=546  \\$aEnglish
=650  \0$aMedicine
=856  40$uhttps://www.jove.com/video/50014
=945  \\$aThe Whole World

