=LDR  00817ngm a2200000i 4500
=001  JoVEMedicine50115
=008  161201s2016\\\\xx\\\\\g\\\\\\s\\\\\eng\d
=035  \\$a(OCoLC)733445860
=040  \\$aVaAlASP$cVaAlASP
=100  1\$aGritzfeld,Jenna F.
=245  12$aExperimental Human Pneumococcal Carriage$h[electronic resource]
=260  \\$aCambridge, MA$bMyJoVE Corp$c2016
=300  \\$aonline resource (467 seconds)
=490  0\$aMedicine
=500  \\$aTitle from resource description page
=520  \\$aExperimental human pneumococcal carriage offers a natural model of carriage and a potential model for use in vaccine development. This technique is valuable yet complex and involves clinical risk by introducing a pathogen into a human. We have developed a detailed protocol.
=521  \\$aFor undergraduate, graduate, and professional students
=546  \\$aEnglish
=650  \0$aMedicine
=856  40$uhttps://www.jove.com/video/50115
=945  \\$aThe Whole World

