=LDR  00856ngm a2200000i 4500
=001  JoVEMedicine4416
=008  161201s2016\\\\xx\\\\\g\\\\\\s\\\\\eng\d
=035  \\$a(OCoLC)733445860
=040  \\$aVaAlASP$cVaAlASP
=100  1\$aKim,Gene H.
=245  12$aMurine Fetal Echocardiography$h[electronic resource]
=260  \\$aCambridge, MA$bMyJoVE Corp$c2016
=300  \\$aonline resource (484 seconds)
=490  0\$aMedicine
=500  \\$aTitle from resource description page
=520  \\$aFetal and perinatal death is a common feature when studying genetic alterations affecting cardiac development. High-frequency ultrasound imaging has improved 2-D resolution and can provide excellent information on early cardiac development and is an ideal method to detect the impact on cardiac structure and function prior to death.
=521  \\$aFor undergraduate, graduate, and professional students
=546  \\$aEnglish
=650  \0$aMedicine
=856  40$uhttps://www.jove.com/video/4416
=945  \\$aThe Whole World

