=LDR  00962ngm a2200000i 4500
=001  JoVEBiology4393
=008  161201s2016\\\\xx\\\\\g\\\\\\s\\\\\eng\d
=035  \\$a(OCoLC)733445860
=040  \\$aVaAlASP$cVaAlASP
=100  1\$aCheranova,Dilyara
=245  12$aRNA-seq Analysis of Transcriptomes in Thrombin-treated and Control Human Pulmonary Microvascular Endothelial Cells$h[electronic resource]
=260  \\$aCambridge, MA$bMyJoVE Corp$c2016
=300  \\$aonline resource (1110 seconds)
=490  0\$aBiology
=500  \\$aTitle from resource description page
=520  \\$aThis protocol presents a complete and detailed procedure to apply RNA-seq, a powerful next-generation DNA sequencing technology, to profile transcriptomes in human pulmonary microvascular endothelial cells with or without thrombin treatment. This protocol is generalizable to various cells or tissues affected by different reagents or disease states.
=521  \\$aFor undergraduate, graduate, and professional students
=546  \\$aEnglish
=650  \0$aBiology
=856  40$uhttps://www.jove.com/video/4393
=945  \\$aThe Whole World

