=LDR  00920ngm a2200000i 4500
=001  JoVEBiology4373
=008  161201s2016\\\\xx\\\\\g\\\\\\s\\\\\eng\d
=035  \\$a(OCoLC)733445860
=040  \\$aVaAlASP$cVaAlASP
=100  1\$aLiang,Jun
=245  12$aUsing RNA-mediated Interference Feeding Strategy to Screen for Genes Involved in Body Size Regulation in the Nematode C. elegans$h[electronic resource]
=260  \\$aCambridge, MA$bMyJoVE Corp$c2016
=300  \\$aonline resource (682 seconds)
=490  0\$aBiology
=500  \\$aTitle from resource description page
=520  \\$aWe demonstrate how to use the RNAi feeding technique to knock down target genes and score body size phenotype in C. elegans. This method could be used for a large scale screen to identify potential genetic components of interest, such as those involved in body size regulation by DBL-1/TGF-β signaling.
=521  \\$aFor undergraduate, graduate, and professional students
=546  \\$aEnglish
=650  \0$aBiology
=856  40$uhttps://www.jove.com/video/4373
=945  \\$aThe Whole World

