=LDR  00842ngm a2200000i 4500
=001  JoVEMedicine50050
=008  161201s2016\\\\xx\\\\\g\\\\\\s\\\\\eng\d
=035  \\$a(OCoLC)733445860
=040  \\$aVaAlASP$cVaAlASP
=100  1\$aCalligaris,Sebastián Dante
=245  12$aCardiac Stress Test Induced by Dobutamine and Monitored by Cardiac Catheterization in Mice$h[electronic resource]
=260  \\$aCambridge, MA$bMyJoVE Corp$c2016
=300  \\$aonline resource (946 seconds)
=490  0\$aMedicine
=500  \\$aTitle from resource description page
=520  \\$aWe describe the protocol to perform a cardiac stress test induced by dobutamine and monitored by cardiac catheterization in normal mice. Also we show its application to unmask subclinical cardiac disease in high fat diet-induced obese mice.
=521  \\$aFor undergraduate, graduate, and professional students
=546  \\$aEnglish
=650  \0$aMedicine
=856  40$uhttps://www.jove.com/video/50050
=945  \\$aThe Whole World

