=LDR  00879ngm a2200000i 4500
=001  JoVEBiology50183
=008  161201s2016\\\\xx\\\\\g\\\\\\s\\\\\eng\d
=035  \\$a(OCoLC)733445860
=040  \\$aVaAlASP$cVaAlASP
=100  1\$aHakim,Chady H.
=245  12$aEvaluation of Muscle Function of the Extensor Digitorum Longus Muscle Ex vivo and Tibialis Anterior Muscle In situ in Mice$h[electronic resource]
=260  \\$aCambridge, MA$bMyJoVE Corp$c2016
=300  \\$aonline resource (876 seconds)
=490  0\$aBiology
=500  \\$aTitle from resource description page
=520  \\$aChanges in limb muscle contractile and passive mechanical properties are important biomarkers for muscle diseases.  This manuscript describes physiological assays to measure these properties in the murine extensor digitorum longus and tibialis anterior muscles.
=521  \\$aFor undergraduate, graduate, and professional students
=546  \\$aEnglish
=650  \0$aBiology
=856  40$uhttps://www.jove.com/video/50183
=945  \\$aThe Whole World

