=LDR  00910ngm a2200000i 4500
=001  JoVEMedicine50217
=008  161201s2016\\\\xx\\\\\g\\\\\\s\\\\\eng\d
=035  \\$a(OCoLC)733445860
=040  \\$aVaAlASP$cVaAlASP
=100  1\$aJenkins,John
=245  12$aAngiogenesis in the Ischemic Rat Lung$h[electronic resource]
=260  \\$aCambridge, MA$bMyJoVE Corp$c2016
=300  \\$aonline resource (456 seconds)
=490  0\$aMedicine
=500  \\$aTitle from resource description page
=520  \\$aThe lung is perfused by both the systemic bronchial artery and pulmonary arteries.  In most lung pathologies, it is the smaller systemic vasculature that shows robust neovascularization.  Cessation of pulmonary blood flow promotes brisk bronchial angiogenesis.  We provide surgical details of inducing left pulmonary artery ischemia that promotes bronchial neovascularization.
=521  \\$aFor undergraduate, graduate, and professional students
=546  \\$aEnglish
=650  \0$aMedicine
=856  40$uhttps://www.jove.com/video/50217
=945  \\$aThe Whole World

