=LDR  00910ngm a2200000i 4500
=001  JoVEMedicine50198
=008  161201s2016\\\\xx\\\\\g\\\\\\s\\\\\eng\d
=035  \\$a(OCoLC)733445860
=040  \\$aVaAlASP$cVaAlASP
=100  1\$aNakles,Rebecca E.
=245  12$aTime-lapse Imaging of Primary Preneoplastic Mammary Epithelial Cells Derived from Genetically Engineered Mouse Models of Breast Cancer$h[electronic resource]
=260  \\$aCambridge, MA$bMyJoVE Corp$c2016
=300  \\$aonline resource (707 seconds)
=490  0\$aMedicine
=500  \\$aTitle from resource description page
=520  \\$aTime-lapse imaging is used to assess behavior of primary preneoplastic mammary epithelial cells derived from genetically engineered mouse models of breast cancer risk to determine if there are correlations between specific behavioral parameters and distinct genetic lesions.
=521  \\$aFor undergraduate, graduate, and professional students
=546  \\$aEnglish
=650  \0$aMedicine
=856  40$uhttps://www.jove.com/video/50198
=945  \\$aThe Whole World

