=LDR  00806ngm a2200000i 4500
=001  JoVEBiology50087
=008  161201s2016\\\\xx\\\\\g\\\\\\s\\\\\eng\d
=035  \\$a(OCoLC)733445860
=040  \\$aVaAlASP$cVaAlASP
=100  1\$aChaumeil,Julie
=245  12$aCombined Immunofluorescence and DNA FISH on 3D-preserved Interphase Nuclei to Study Changes in 3D Nuclear Organization$h[electronic resource]
=260  \\$aCambridge, MA$bMyJoVE Corp$c2016
=300  \\$aonline resource (835 seconds)
=490  0\$aBiology
=500  \\$aTitle from resource description page
=520  \\$aHere we describe a protocol for simultaneous detection of histone modifications by immunofluorescence and DNA sequences by DNA FISH followed by 3D microscopy and analyses (3D immuno-DNA FISH).
=521  \\$aFor undergraduate, graduate, and professional students
=546  \\$aEnglish
=650  \0$aBiology
=856  40$uhttps://www.jove.com/video/50087
=945  \\$aThe Whole World

