=LDR  00917ngm a2200000i 4500
=001  JoVEMedicine50156
=008  161201s2016\\\\xx\\\\\g\\\\\\s\\\\\eng\d
=035  \\$a(OCoLC)733445860
=040  \\$aVaAlASP$cVaAlASP
=100  1\$aJanik,Callie  L.
=245  12$aIdentification of Sleeping Beauty Transposon Insertions in Solid Tumors using Linker-mediated PCR$h[electronic resource]
=260  \\$aCambridge, MA$bMyJoVE Corp$c2016
=300  \\$aonline resource (634 seconds)
=490  0\$aMedicine
=500  \\$aTitle from resource description page
=520  \\$aA method of identifying unknown drivers of carcinogenesis using an unbiased approach is described.  The method uses the Sleeping Beauty transposon as a random mutagen directed to specific tissues.  Genomic mapping of transposon insertions that drive tumor formation identifies novel oncogenes and tumor suppressor genes
=521  \\$aFor undergraduate, graduate, and professional students
=546  \\$aEnglish
=650  \0$aMedicine
=856  40$uhttps://www.jove.com/video/50156
=945  \\$aThe Whole World

