=LDR  01114ngm a2200000i 4500
=001  JoVEBiology50036
=008  161201s2016\\\\xx\\\\\g\\\\\\s\\\\\eng\d
=035  \\$a(OCoLC)733445860
=040  \\$aVaAlASP$cVaAlASP
=100  1\$aMoorwood,Catherine
=245  12$aIsometric and Eccentric Force Generation Assessment of Skeletal Muscles Isolated from Murine Models of Muscular Dystrophies$h[electronic resource]
=260  \\$aCambridge, MA$bMyJoVE Corp$c2016
=300  \\$aonline resource (851 seconds)
=490  0\$aBiology
=500  \\$aTitle from resource description page
=520  \\$aMuscle function measurements contribute to the evaluation of potential therapeutics for muscle pathology, as well as to the determination of mechanisms underlying physiology of this tissue.   We will demonstrate the preparation of the extensor digitorum longus and diaphragm muscles for functional testing. Protocols for isometric and eccentric contractions will be shown, as well as differences in results between dystrophic muscles, representing a pathological state, and wildtype muscles.
=521  \\$aFor undergraduate, graduate, and professional students
=546  \\$aEnglish
=650  \0$aBiology
=856  40$uhttps://www.jove.com/video/50036
=945  \\$aThe Whole World

