=LDR  00789ngm a2200000i 4500
=001  JoVEBiology50057
=008  161201s2016\\\\xx\\\\\g\\\\\\s\\\\\eng\d
=035  \\$a(OCoLC)733445860
=040  \\$aVaAlASP$cVaAlASP
=100  1\$aLegendre,Félix
=245  12$aWhole Mount RNA Fluorescent in situ Hybridization of Drosophila Embryos$h[electronic resource]
=260  \\$aCambridge, MA$bMyJoVE Corp$c2016
=300  \\$aonline resource (597 seconds)
=490  0\$aBiology
=500  \\$aTitle from resource description page
=520  \\$aHere we describe a whole-mount fluorescent in situ hybridization (FISH) protocol for determining the expression and localization properties of RNAs expressed during embryogenesis in the fruit fly, Drosophila melanogaster.
=521  \\$aFor undergraduate, graduate, and professional students
=546  \\$aEnglish
=650  \0$aBiology
=856  40$uhttps://www.jove.com/video/50057
=945  \\$aThe Whole World

