=LDR  00879ngm a2200000i 4500
=001  JoVEBiology4351
=008  161201s2016\\\\xx\\\\\g\\\\\\s\\\\\eng\d
=035  \\$a(OCoLC)733445860
=040  \\$aVaAlASP$cVaAlASP
=100  1\$aOtten,Cécile
=245  12$aLaser-inflicted Injury of Zebrafish Embryonic Skeletal Muscle$h[electronic resource]
=260  \\$aCambridge, MA$bMyJoVE Corp$c2016
=300  \\$aonline resource (433 seconds)
=490  0\$aBiology
=500  \\$aTitle from resource description page
=520  \\$aThe method presented here comprises the precise injury of live zebrafish embryos with high-energy laser pulses and the subsequent analysis of these injuries and their recovery with time. We also show how genetically labeled single or groups of skeletal muscle cells can be tracked during and after laser light induced damage.
=521  \\$aFor undergraduate, graduate, and professional students
=546  \\$aEnglish
=650  \0$aBiology
=856  40$uhttps://www.jove.com/video/4351
=945  \\$aThe Whole World

