=LDR  00776ngm a2200000i 4500
=001  JoVEMedicine50008
=008  161201s2016\\\\xx\\\\\g\\\\\\s\\\\\eng\d
=035  \\$a(OCoLC)733445860
=040  \\$aVaAlASP$cVaAlASP
=100  1\$aCheng,Cynthia
=245  12$aNon-invasive Assessment of Microvascular and Endothelial Function$h[electronic resource]
=260  \\$aCambridge, MA$bMyJoVE Corp$c2016
=300  \\$aonline resource (341 seconds)
=490  0\$aMedicine
=500  \\$aTitle from resource description page
=520  \\$aCapillaroscopy is a non-invasive, relatively inexpensive methodology for directly visualizing the microcirculation. The forearm blood flow technique provides accepted non-invasive measures of endothelial function.
=521  \\$aFor undergraduate, graduate, and professional students
=546  \\$aEnglish
=650  \0$aMedicine
=856  40$uhttps://www.jove.com/video/50008
=945  \\$aThe Whole World

