=LDR  00776ngm a2200000i 4500
=001  JoVEBiology50169
=008  161201s2016\\\\xx\\\\\g\\\\\\s\\\\\eng\d
=035  \\$a(OCoLC)733445860
=040  \\$aVaAlASP$cVaAlASP
=100  1\$aKawaguchi,Riki
=245  12$aReal-time Analyses of Retinol Transport by the Membrane Receptor of Plasma Retinol Binding Protein$h[electronic resource]
=260  \\$aCambridge, MA$bMyJoVE Corp$c2016
=300  \\$aonline resource (872 seconds)
=490  0\$aBiology
=500  \\$aTitle from resource description page
=520  \\$aHere we describe an optimized technique to produce high-quality vitamin A/RBP complex and two real-time monitoring techniques to study vitamin A transport by STRA6, the RBP receptor.
=521  \\$aFor undergraduate, graduate, and professional students
=546  \\$aEnglish
=650  \0$aBiology
=856  40$uhttps://www.jove.com/video/50169
=945  \\$aThe Whole World

