=LDR  00929ngm a2200000i 4500
=001  JoVEBiology50060
=008  161201s2016\\\\xx\\\\\g\\\\\\s\\\\\eng\d
=035  \\$a(OCoLC)733445860
=040  \\$aVaAlASP$cVaAlASP
=100  1\$aSequeira,Sharon J.
=245  12$aGenetic Modification and Recombination of Salivary Gland Organ Cultures$h[electronic resource]
=260  \\$aCambridge, MA$bMyJoVE Corp$c2016
=300  \\$aonline resource (569 seconds)
=490  0\$aBiology
=500  \\$aTitle from resource description page
=520  \\$aA technique to genetically manipulate epithelial cells within whole ex vivo cultured embryonic mouse submandibular glands (SMGs) using viral gene transfer is described. This method takes advantage of the innate ability of SMG epithelium and mesenchyme to spontaneously recombine after separation and infection of epithelial rudiments with adenoviral vectors.
=521  \\$aFor undergraduate, graduate, and professional students
=546  \\$aEnglish
=650  \0$aBiology
=856  40$uhttps://www.jove.com/video/50060
=945  \\$aThe Whole World

