=LDR  00783ngm a2200000i 4500
=001  JoVEBiology4209
=008  161201s2016\\\\xx\\\\\g\\\\\\s\\\\\eng\d
=035  \\$a(OCoLC)733445860
=040  \\$aVaAlASP$cVaAlASP
=100  1\$aRaphemot,Rene
=245  12$aHigh-throughput Screening for Small-molecule Modulators of Inward Rectifier Potassium Channels$h[electronic resource]
=260  \\$aCambridge, MA$bMyJoVE Corp$c2016
=300  \\$aonline resource (607 seconds)
=490  0\$aBiology
=500  \\$aTitle from resource description page
=520  \\$aMethods for developing and validating a quantitative fluorescence assay for measuring the activity of inward rectifier potassium (Kir) channels for high-throughput compound screening is presented.
=521  \\$aFor undergraduate, graduate, and professional students
=546  \\$aEnglish
=650  \0$aBiology
=856  40$uhttps://www.jove.com/video/4209
=945  \\$aThe Whole World

