=LDR  00901ngm a2200000i 4500
=001  JoVEBiology4458
=008  161201s2016\\\\xx\\\\\g\\\\\\s\\\\\eng\d
=035  \\$a(OCoLC)733445860
=040  \\$aVaAlASP$cVaAlASP
=100  1\$aGrant,Paaqua A.
=245  12$aBlastomere Explants to Test for Cell Fate Commitment During Embryonic Development$h[electronic resource]
=260  \\$aCambridge, MA$bMyJoVE Corp$c2016
=300  \\$aonline resource (848 seconds)
=490  0\$aBiology
=500  \\$aTitle from resource description page
=520  \\$aThe fate of an individual embryonic cell can be influenced by inherited molecules and/or by signals from neighboring cells. Utilizing fate maps of the cleavage stage Xenopus embryo, single blastomeres can be identified for culture in isolation to assess the contributions of inherited molecules versus cell-cell interactions.
=521  \\$aFor undergraduate, graduate, and professional students
=546  \\$aEnglish
=650  \0$aBiology
=856  40$uhttps://www.jove.com/video/4458
=945  \\$aThe Whole World

