=LDR  00912ngm a2200000i 4500
=001  JoVEMedicine50221
=008  161201s2016\\\\xx\\\\\g\\\\\\s\\\\\eng\d
=035  \\$a(OCoLC)733445860
=040  \\$aVaAlASP$cVaAlASP
=100  1\$aO'Mahony,Fiach C.
=245  12$aThe Use of Reverse Phase Protein Arrays (RPPA) to Explore Protein Expression Variation within Individual Renal Cell Cancers$h[electronic resource]
=260  \\$aCambridge, MA$bMyJoVE Corp$c2016
=300  \\$aonline resource (742 seconds)
=490  0\$aMedicine
=500  \\$aTitle from resource description page
=520  \\$aRPPA enables the protein expression of hundreds of samples, printed on nitrocellulose slides to be interrogated simultaneously, using fluorescently labelled antibodies. This technique has been applied to study the effect of drug treatment heterogeneity within clear cell renal carcinoma.
=521  \\$aFor undergraduate, graduate, and professional students
=546  \\$aEnglish
=650  \0$aMedicine
=856  40$uhttps://www.jove.com/video/50221
=945  \\$aThe Whole World

