=LDR  00870ngm a2200000i 4500
=001  JoVEBiology50048
=008  161201s2016\\\\xx\\\\\g\\\\\\s\\\\\eng\d
=035  \\$a(OCoLC)733445860
=040  \\$aVaAlASP$cVaAlASP
=100  1\$aBuss,Jackson
=245  12$aSuper-resolution Imaging of the Bacterial Division Machinery$h[electronic resource]
=260  \\$aCambridge, MA$bMyJoVE Corp$c2016
=300  \\$aonline resource (527 seconds)
=490  0\$aBiology
=500  \\$aTitle from resource description page
=520  \\$aWe describe a super-resolution imaging method to probe the structural organization of the bacterial FtsZ-ring, an essential apparatus for cell division.  This method is based on quantitative analyses of photoactivated localization microscopy (PALM) images and can be applied to other bacterial cytoskeletal proteins.
=521  \\$aFor undergraduate, graduate, and professional students
=546  \\$aEnglish
=650  \0$aBiology
=856  40$uhttps://www.jove.com/video/50048
=945  \\$aThe Whole World

