=LDR  00769ngm a2200000i 4500
=001  JoVEBiology50028
=008  161201s2016\\\\xx\\\\\g\\\\\\s\\\\\eng\d
=035  \\$a(OCoLC)733445860
=040  \\$aVaAlASP$cVaAlASP
=100  1\$aMaloof,Julin N.
=245  12$aLeafJ: An ImageJ Plugin for Semi-automated Leaf Shape Measurement$h[electronic resource]
=260  \\$aCambridge, MA$bMyJoVE Corp$c2016
=300  \\$aonline resource (495 seconds)
=490  0\$aBiology
=500  \\$aTitle from resource description page
=520  \\$aDemonstration of key methods for high throughput leaf measurements.  These methods can be used to accelerate leaf phenotyping when studying many plant mutants or otherwise screening plants by leaf phenotype.
=521  \\$aFor undergraduate, graduate, and professional students
=546  \\$aEnglish
=650  \0$aBiology
=856  40$uhttps://www.jove.com/video/50028
=945  \\$aThe Whole World

