=LDR  00963ngm a2200000i 4500
=001  JoVEBiology4245
=008  161201s2016\\\\xx\\\\\g\\\\\\s\\\\\eng\d
=035  \\$a(OCoLC)733445860
=040  \\$aVaAlASP$cVaAlASP
=100  1\$aSarkar,Anjali A.
=245  12$aAn Explant Assay for Assessing Cellular Behavior of the Cranial Mesenchyme$h[electronic resource]
=260  \\$aCambridge, MA$bMyJoVE Corp$c2016
=300  \\$aonline resource (465 seconds)
=490  0\$aBiology
=500  \\$aTitle from resource description page
=520  \\$aThe cranial mesenchyme undergoes dramatic morphogenic movements that likely provides a driving force for elevation of the neural folds1,2. Here we describe a simple ex vivo explant assay to characterize the cellular behaviors of the cranial mesenchyme during neurulation. This assay has numerous applications including being amenable to pharmacological manipulations and live imaging analyses.
=521  \\$aFor undergraduate, graduate, and professional students
=546  \\$aEnglish
=650  \0$aBiology
=856  40$uhttps://www.jove.com/video/4245
=945  \\$aThe Whole World

