=LDR  00923ngm a2200000i 4500
=001  JoVEMedicine50182
=008  161201s2016\\\\xx\\\\\g\\\\\\s\\\\\eng\d
=035  \\$a(OCoLC)733445860
=040  \\$aVaAlASP$cVaAlASP
=100  1\$aHunt,Michael  Anthony
=245  12$aMovement Retraining using Real-time Feedback of Performance$h[electronic resource]
=260  \\$aCambridge, MA$bMyJoVE Corp$c2016
=300  \\$aonline resource (496 seconds)
=490  0\$aMedicine
=500  \\$aTitle from resource description page
=520  \\$aRetraining abnormal movement patterns following injury or disease is a key component of physical rehabilitation. Recent advances in technology have permitted accurate assessment of movement during a variety of tasks, with near instantaneous quantification of results. This provides new opportunities for modification of faulty movement patterns in real time.
=521  \\$aFor undergraduate, graduate, and professional students
=546  \\$aEnglish
=650  \0$aMedicine
=856  40$uhttps://www.jove.com/video/50182
=945  \\$aThe Whole World

