=LDR  01460ngm a2200000i 4500
=001  JoVEMedicine4157
=008  161201s2016\\\\xx\\\\\g\\\\\\s\\\\\eng\d
=035  \\$a(OCoLC)733445860
=040  \\$aVaAlASP$cVaAlASP
=100  1\$aDudhani,Rahul V.
=245  12$aA Low Mortality Rat Model to Assess Delayed Cerebral Vasospasm After Experimental Subarachnoid Hemorrhage$h[electronic resource]
=260  \\$aCambridge, MA$bMyJoVE Corp$c2016
=300  \\$aonline resource (423 seconds)
=490  0\$aMedicine
=500  \\$aTitle from resource description page
=520  \\$aAneurysmal subarachnoid hemorrhage (SAH) is bleeding that occurs into the subarachnoid space when an aneurysm ruptures. While the morbidity and mortality from this event has been on a decline due to improved treatment approaches, the risk of vasospasm after subarachnoid hemorrhage continues to be the same as it was several years ago. The importance of establishing a comprehensive and reproducible animal model to identify initiating events of cerebral vasospasm has been the focus of research since the first use of rats in an experimental vasospasm model in 1979 by Barry et al. Early work in rats demonstrated that a single injection of autologous blood into the cisterna magna led to acute (within minutes) but not delayed cerebral vasospasm 3, 6, 14. Here we characterize a low mortality SAH rat model that results in reproducible delayed vasospasm.
=521  \\$aFor undergraduate, graduate, and professional students
=546  \\$aEnglish
=650  \0$aMedicine
=856  40$uhttps://www.jove.com/video/4157
=945  \\$aThe Whole World

