=LDR  00949ngm a2200000i 4500
=001  JoVEBiology4425
=008  161201s2016\\\\xx\\\\\g\\\\\\s\\\\\eng\d
=035  \\$a(OCoLC)733445860
=040  \\$aVaAlASP$cVaAlASP
=100  1\$aSharon,Yoray
=245  12$aIsolation of Normal and Cancer-associated Fibroblasts from Fresh Tissues by Fluorescence Activated Cell Sorting (FACS)$h[electronic resource]
=260  \\$aCambridge, MA$bMyJoVE Corp$c2016
=300  \\$aonline resource (691 seconds)
=490  0\$aBiology
=500  \\$aTitle from resource description page
=520  \\$aCancer Associated Fibroblasts (CAFs) facilitate tumor initiation, growth and progression through signaling that promotes proliferation, angiogenesis, and inflammation. Here we describe a method to isolate pure populations of normal fibroblasts and CAFs from fresh mouse and human tissues by cell sorting, using PDGFRα as a surface marker.
=521  \\$aFor undergraduate, graduate, and professional students
=546  \\$aEnglish
=650  \0$aBiology
=856  40$uhttps://www.jove.com/video/4425
=945  \\$aThe Whole World

