=LDR  00922ngm a2200000i 4500
=001  JoVEBiology4300
=008  161201s2016\\\\xx\\\\\g\\\\\\s\\\\\eng\d
=035  \\$a(OCoLC)733445860
=040  \\$aVaAlASP$cVaAlASP
=100  1\$aGibert,Yann
=245  12$aMetabolic Profile Analysis of Zebrafish Embryos$h[electronic resource]
=260  \\$aCambridge, MA$bMyJoVE Corp$c2016
=300  \\$aonline resource (341 seconds)
=490  0\$aBiology
=500  \\$aTitle from resource description page
=520  \\$aZebrafish represent a powerful vertebrate model that has been under-utilised for metabolic studies. Here we describe a rapid way to measure the in vivo metabolic profile of developing zebrafish that allows the comparison of different mitochondrial function parameters between genetically or pharmacologically manipulated embryos, thereby increasing the applicability of this organism.
=521  \\$aFor undergraduate, graduate, and professional students
=546  \\$aEnglish
=650  \0$aBiology
=856  40$uhttps://www.jove.com/video/4300
=945  \\$aThe Whole World

