=LDR  01002ngm a2200000i 4500
=001  JoVEBiology4346
=008  161201s2016\\\\xx\\\\\g\\\\\\s\\\\\eng\d
=035  \\$a(OCoLC)733445860
=040  \\$aVaAlASP$cVaAlASP
=100  1\$aJiang,Ming
=245  12$aThe Logic, Experimental Steps, and Potential of Heterologous Natural Product Biosynthesis Featuring the Complex Antibiotic Erythromycin A Produced Through E. coli$h[electronic resource]
=260  \\$aCambridge, MA$bMyJoVE Corp$c2016
=300  \\$aonline resource (641 seconds)
=490  0\$aBiology
=500  \\$aTitle from resource description page
=520  \\$aThe heterologous biosynthesis of erythromycin A through E. coli includes the following experimental steps: 1) genetic transfer; 2) heterologous reconstitution; and 3) product analysis.  Each step will be explained in the context of the motivation, potential, and challenges in producing therapeutic natural products using E. coli as a surrogate host.
=521  \\$aFor undergraduate, graduate, and professional students
=546  \\$aEnglish
=650  \0$aBiology
=856  40$uhttps://www.jove.com/video/4346
=945  \\$aThe Whole World

