=LDR  00956ngm a2200000i 4500
=001  JoVEMedicine50238
=008  161201s2016\\\\xx\\\\\g\\\\\\s\\\\\eng\d
=035  \\$a(OCoLC)733445860
=040  \\$aVaAlASP$cVaAlASP
=100  1\$aEriksson,Anna U.
=245  12$aNear Infrared Optical Projection Tomography for Assessments of β-cell Mass Distribution in Diabetes Research$h[electronic resource]
=260  \\$aCambridge, MA$bMyJoVE Corp$c2016
=300  \\$aonline resource (918 seconds)
=490  0\$aMedicine
=500  \\$aTitle from resource description page
=520  \\$aWe describe the adaptation of optical projection tomography (OPT)1 to imaging in the near infrared spectrum, and the implementation of a number of computational tools. These protocols enable assessments of pancreatic β-cell mass (BCM) in larger specimens, increase the multichannel capacity of the technique and increase the quality of OPT data.
=521  \\$aFor undergraduate, graduate, and professional students
=546  \\$aEnglish
=650  \0$aMedicine
=856  40$uhttps://www.jove.com/video/50238
=945  \\$aThe Whole World

