=LDR  00739ngm a2200000i 4500
=001  JoVEMedicine50077
=008  161201s2016\\\\xx\\\\\g\\\\\\s\\\\\eng\d
=035  \\$a(OCoLC)733445860
=040  \\$aVaAlASP$cVaAlASP
=100  1\$aLi,Sheng
=245  12$aBreathing-controlled Electrical Stimulation (BreEStim) for Management of Neuropathic Pain and Spasticity$h[electronic resource]
=260  \\$aCambridge, MA$bMyJoVE Corp$c2016
=300  \\$aonline resource (694 seconds)
=490  0\$aMedicine
=500  \\$aTitle from resource description page
=520  \\$aThe purpose is to present a new method, breathing-control electrical stimulation (BreEStim) for management of neuropathic pain and spasticity.
=521  \\$aFor undergraduate, graduate, and professional students
=546  \\$aEnglish
=650  \0$aMedicine
=856  40$uhttps://www.jove.com/video/50077
=945  \\$aThe Whole World

