=LDR  00961ngm a2200000i 4500
=001  JoVEMedicine4409
=008  161201s2016\\\\xx\\\\\g\\\\\\s\\\\\eng\d
=035  \\$a(OCoLC)733445860
=040  \\$aVaAlASP$cVaAlASP
=100  1\$aChang,Timothy C.
=245  12$aProbe-based Confocal Laser Endomicroscopy of the Urinary Tract: The Technique$h[electronic resource]
=260  \\$aCambridge, MA$bMyJoVE Corp$c2016
=300  \\$aonline resource (391 seconds)
=490  0\$aMedicine
=500  \\$aTitle from resource description page
=520  \\$aProbe-based confocal laser endomicroscopy enables real-time microscopy of the human urinary tract during cystoscopy, providing dynamic, intravital imaging of pathological states such as bladder cancer with cellular resolution.  Endomicroscopy may augment the diagnostic accuracy of standard white light endoscopy and provide intraoperative image guidance to improve surgical resection.
=521  \\$aFor undergraduate, graduate, and professional students
=546  \\$aEnglish
=650  \0$aMedicine
=856  40$uhttps://www.jove.com/video/4409
=945  \\$aThe Whole World

