=LDR  00830ngm a2200000i 4500
=001  JoVEBiology50068
=008  161201s2016\\\\xx\\\\\g\\\\\\s\\\\\eng\d
=035  \\$a(OCoLC)733445860
=040  \\$aVaAlASP$cVaAlASP
=100  1\$aLinford,Nancy J.
=245  12$aMeasurement of Lifespan in Drosophila melanogaster$h[electronic resource]
=260  \\$aCambridge, MA$bMyJoVE Corp$c2016
=300  \\$aonline resource (600 seconds)
=490  0\$aBiology
=500  \\$aTitle from resource description page
=520  \\$aDrosophila melanogaster is a powerful model organism for exploring the molecular basis of longevity regulation. This protocol will discuss the steps involved in generating a reproducible, population-based measurement of longevity as well as potential pitfalls and how to avoid them.
=521  \\$aFor undergraduate, graduate, and professional students
=546  \\$aEnglish
=650  \0$aBiology
=856  40$uhttps://www.jove.com/video/50068
=945  \\$aThe Whole World

