=LDR  00985ngm a2200000i 4500
=001  JoVEBiology4301
=008  161201s2016\\\\xx\\\\\g\\\\\\s\\\\\eng\d
=035  \\$a(OCoLC)733445860
=040  \\$aVaAlASP$cVaAlASP
=100  1\$aNowak,Grażyna
=245  12$aAssessment of Mitochondrial Functions and Cell Viability in Renal Cells Overexpressing Protein Kinase C Isozymes$h[electronic resource]
=260  \\$aCambridge, MA$bMyJoVE Corp$c2016
=300  \\$aonline resource (943 seconds)
=490  0\$aBiology
=500  \\$aTitle from resource description page
=520  \\$aThe effects of activation of protein kinase C (PKC) isozymes on mitochondrial functions associated with respiration and oxidative phosphorylation and on cell viability are described. The approach adapts adenoviral technique to selectively overexpress PKC isozymes in primary cell culture and a variety of assays to determine mitochondrial functions and energy status of the cell.
=521  \\$aFor undergraduate, graduate, and professional students
=546  \\$aEnglish
=650  \0$aBiology
=856  40$uhttps://www.jove.com/video/4301
=945  \\$aThe Whole World

