=LDR  00947ngm a2200000i 4500
=001  JoVEMedicine50231
=008  161201s2016\\\\xx\\\\\g\\\\\\s\\\\\eng\d
=035  \\$a(OCoLC)733445860
=040  \\$aVaAlASP$cVaAlASP
=100  1\$aSturm,Dorothée
=245  12$aImproved Protocol For Laser Microdissection Of Human Pancreatic Islets From Surgical Specimens$h[electronic resource]
=260  \\$aCambridge, MA$bMyJoVE Corp$c2016
=300  \\$aonline resource (583 seconds)
=490  0\$aMedicine
=500  \\$aTitle from resource description page
=520  \\$aLaser microdissection is a technique that allows the recovery of selected cells from minute amounts of parenchyma. Here we describe a protocol for acquiring human pancreatic islets from surgical specimens to be used for transcriptomic studies. Our protocol improves the intrinsic autofluorescence of human beta cells, thus facilitating their collection.
=521  \\$aFor undergraduate, graduate, and professional students
=546  \\$aEnglish
=650  \0$aMedicine
=856  40$uhttps://www.jove.com/video/50231
=945  \\$aThe Whole World

