=LDR  00906ngm a2200000i 4500
=001  JoVEMedicine50011
=008  161201s2016\\\\xx\\\\\g\\\\\\s\\\\\eng\d
=035  \\$a(OCoLC)733445860
=040  \\$aVaAlASP$cVaAlASP
=100  1\$aLaBarge,Mark A.
=245  12$aProcessing of Human Reduction Mammoplasty and Mastectomy Tissues for Cell Culture$h[electronic resource]
=260  \\$aCambridge, MA$bMyJoVE Corp$c2016
=300  \\$aonline resource (788 seconds)
=490  0\$aMedicine
=500  \\$aTitle from resource description page
=520  \\$aA method to process human mammary surgical discard material is described. Processed tissue, in the form of organoids, can be stored frozen indefinitely or placed in culture for long-term growth.  This method enables experimental examination of normal human epithelial cell biology, and the effects of exogenous perturbations.
=521  \\$aFor undergraduate, graduate, and professional students
=546  \\$aEnglish
=650  \0$aMedicine
=856  40$uhttps://www.jove.com/video/50011
=945  \\$aThe Whole World

