=LDR  00882ngm a2200000i 4500
=001  JoVEMedicine4059
=008  161201s2016\\\\xx\\\\\g\\\\\\s\\\\\eng\d
=035  \\$a(OCoLC)733445860
=040  \\$aVaAlASP$cVaAlASP
=100  1\$aBigelow,Elaine
=245  12$aImmunohistochemical Staining of B7-H1 (PD-L1) on Paraffin-embedded Slides of Pancreatic Adenocarcinoma Tissue$h[electronic resource]
=260  \\$aCambridge, MA$bMyJoVE Corp$c2016
=300  \\$aonline resource (611 seconds)
=490  0\$aMedicine
=500  \\$aTitle from resource description page
=520  \\$aB7-H1 (PD-L1) and its binding to PD-1 provide a major tumor-induced immunosuppressive signal in the tumor’s microenvironment.   An immunohistochemical staining technique to characterize the expression and localization of B7-H1 in pancreatic adenocarcinoma is described here.
=521  \\$aFor undergraduate, graduate, and professional students
=546  \\$aEnglish
=650  \0$aMedicine
=856  40$uhttps://www.jove.com/video/4059
=945  \\$aThe Whole World

