=LDR  00999ngm a2200000i 4500
=001  JoVEBiology4426
=008  161201s2016\\\\xx\\\\\g\\\\\\s\\\\\eng\d
=035  \\$a(OCoLC)733445860
=040  \\$aVaAlASP$cVaAlASP
=100  1\$aPeterson,Kylee M.
=245  12$aLong-term, High-resolution Confocal Time Lapse Imaging of Arabidopsis Cotyledon Epidermis during Germination$h[electronic resource]
=260  \\$aCambridge, MA$bMyJoVE Corp$c2016
=300  \\$aonline resource (721 seconds)
=490  0\$aBiology
=500  \\$aTitle from resource description page
=520  \\$aWe describe a protocol using chamber slides and media to immobilize plant cotyledons for confocal imaging of the epidermis over several days of development, documenting stomatal differentiation. Fluorophore-tagged proteins can be tracked dynamically by expression and subcellular localization, increasing understanding of their possible roles during cell division and cell-type differentiation.
=521  \\$aFor undergraduate, graduate, and professional students
=546  \\$aEnglish
=650  \0$aBiology
=856  40$uhttps://www.jove.com/video/4426
=945  \\$aThe Whole World

