=LDR  00929ngm a2200000i 4500
=001  JoVEBiology4179
=008  161201s2016\\\\xx\\\\\g\\\\\\s\\\\\eng\d
=035  \\$a(OCoLC)733445860
=040  \\$aVaAlASP$cVaAlASP
=100  1\$aSack,Lawren
=245  12$aMeasurement of Leaf Hydraulic Conductance and Stomatal Conductance and Their Responses to Irradiance and Dehydration Using the Evaporative Flux Method (EFM)$h[electronic resource]
=260  \\$aCambridge, MA$bMyJoVE Corp$c2016
=300  \\$aonline resource (731 seconds)
=490  0\$aBiology
=500  \\$aTitle from resource description page
=520  \\$aWe describe a relatively rapid (30 min) and realistic method for simultaneously measurement of leaf hydraulic conductance (Kleaf) and stomatal conductance (gs) for transpiring excised leaves. The method can be modified to measure the light and dehydration responses of Kleaf and gs.
=521  \\$aFor undergraduate, graduate, and professional students
=546  \\$aEnglish
=650  \0$aBiology
=856  40$uhttps://www.jove.com/video/4179
=945  \\$aThe Whole World

