=LDR  01050ngm a2200000i 4500
=001  JoVEMedicine50124
=008  161201s2016\\\\xx\\\\\g\\\\\\s\\\\\eng\d
=035  \\$a(OCoLC)733445860
=040  \\$aVaAlASP$cVaAlASP
=100  1\$aPelter,Michele  M.
=245  12$aA Research Method For Detecting Transient Myocardial Ischemia In Patients With Suspected Acute Coronary Syndrome Using Continuous ST-segment Analysis$h[electronic resource]
=260  \\$aCambridge, MA$bMyJoVE Corp$c2016
=300  \\$aonline resource (1091 seconds)
=490  0\$aMedicine
=500  \\$aTitle from resource description page
=520  \\$aContinuous 12-lead electrocardiographic (ECG) monitoring can identify transient myocardial ischemia, even when asymptomatic, among patients with suspected acute coronary syndrome (ACS). In this article we describe our method for initiating patient monitoring using a Holter device, downloading the ECG data for off-line analysis, and how to utilize the ECG software to identify transient ischemia.
=521  \\$aFor undergraduate, graduate, and professional students
=546  \\$aEnglish
=650  \0$aMedicine
=856  40$uhttps://www.jove.com/video/50124
=945  \\$aThe Whole World

