=LDR  01006ngm a2200000i 4500
=001  JoVEMedicine4294
=008  161201s2016\\\\xx\\\\\g\\\\\\s\\\\\eng\d
=035  \\$a(OCoLC)733445860
=040  \\$aVaAlASP$cVaAlASP
=100  1\$aMonte,Emma
=245  12$aQuantitative Analysis of Chromatin Proteomes in Disease$h[electronic resource]
=260  \\$aCambridge, MA$bMyJoVE Corp$c2016
=300  \\$aonline resource (491 seconds)
=490  0\$aMedicine
=500  \\$aTitle from resource description page
=520  \\$aAdvances in mass spectrometry have allowed the high throughput analysis of protein expression and modification in a host of tissues. Combined with subcellular fractionation and disease models, quantitative mass spectrometry and bioinformatics can reveal new properties in biological systems. The method described herein analyzes chromatin-associated proteins in the setting of heart disease and is readily applicable to other in vivo models of human disease.
=521  \\$aFor undergraduate, graduate, and professional students
=546  \\$aEnglish
=650  \0$aMedicine
=856  40$uhttps://www.jove.com/video/4294
=945  \\$aThe Whole World

