=LDR  00848ngm a2200000i 4500
=001  JoVEBiology50101
=008  161201s2016\\\\xx\\\\\g\\\\\\s\\\\\eng\d
=035  \\$a(OCoLC)733445860
=040  \\$aVaAlASP$cVaAlASP
=100  1\$aMomeni,Babak
=245  12$aCryosectioning Yeast Communities for Examining Fluorescence Patterns$h[electronic resource]
=260  \\$aCambridge, MA$bMyJoVE Corp$c2016
=300  \\$aonline resource (423 seconds)
=490  0\$aBiology
=500  \\$aTitle from resource description page
=520  \\$aWe present a protocol for freezing and cryosectioning yeast communities to observe internal patterns of fluorescent cells.  The method relies on methanol-fixing and OCT-embedding to preserve the spatial distribution of cells without inactivating fluorescent proteins within a community.
=521  \\$aFor undergraduate, graduate, and professional students
=546  \\$aEnglish
=650  \0$aBiology
=856  40$uhttps://www.jove.com/video/50101
=945  \\$aThe Whole World

