=LDR  00890ngm a2200000i 4500
=001  JoVEMedicine4313
=008  161201s2016\\\\xx\\\\\g\\\\\\s\\\\\eng\d
=035  \\$a(OCoLC)733445860
=040  \\$aVaAlASP$cVaAlASP
=100  1\$aLessey,Bruce A.
=245  12$aIntraoperative Detection of Subtle Endometriosis: A Novel Paradigm for Detection and Treatment of Pelvic Pain Associated with the Loss of Peritoneal Integrity$h[electronic resource]
=260  \\$aCambridge, MA$bMyJoVE Corp$c2016
=300  \\$aonline resource (440 seconds)
=490  0\$aMedicine
=500  \\$aTitle from resource description page
=520  \\$aLoss of peritoneal integrity provides a new paradigm to understand and treat chronic pelvic pain in women with mild forms of endometriosis and can be easily detected using intraoperative instillation of dye at the time of laparoscopy.
=521  \\$aFor undergraduate, graduate, and professional students
=546  \\$aEnglish
=650  \0$aMedicine
=856  40$uhttps://www.jove.com/video/4313
=945  \\$aThe Whole World

