=LDR  00912ngm a2200000i 4500
=001  JoVEBiology50066
=008  161201s2016\\\\xx\\\\\g\\\\\\s\\\\\eng\d
=035  \\$a(OCoLC)733445860
=040  \\$aVaAlASP$cVaAlASP
=100  1\$aCui,Xianying A.
=245  12$aVisualization of Endoplasmic Reticulum Localized mRNAs in Mammalian Cells$h[electronic resource]
=260  \\$aCambridge, MA$bMyJoVE Corp$c2016
=300  \\$aonline resource (624 seconds)
=490  0\$aBiology
=500  \\$aTitle from resource description page
=520  \\$aHere we describe a method to visualize endoplasmic reticulum-associated mRNAs in mammalian tissue culture cells. This technique involves the selective permeabilization of the plasma membrane with digitonin to remove cytoplasmic contents followed by fluorescent in situ hybridization to detect either bulk poly(A) mRNA or specific transcripts.
=521  \\$aFor undergraduate, graduate, and professional students
=546  \\$aEnglish
=650  \0$aBiology
=856  40$uhttps://www.jove.com/video/50066
=945  \\$aThe Whole World

