=LDR  00921ngm a2200000i 4500
=001  JoVEBiology4238
=008  161201s2016\\\\xx\\\\\g\\\\\\s\\\\\eng\d
=035  \\$a(OCoLC)733445860
=040  \\$aVaAlASP$cVaAlASP
=100  1\$aMoller,Isabel E.
=245  12$aGlycan Profiling of Plant Cell Wall Polymers using Microarrays $h[electronic resource]
=260  \\$aCambridge, MA$bMyJoVE Corp$c2016
=300  \\$aonline resource (750 seconds)
=490  0\$aBiology
=500  \\$aTitle from resource description page
=520  \\$aA technique called Comprehensive Microarray Polymer Profiling (CoMPP) for the characterisation of plant cell wall glycans is described. This method combines the specificity of monoclonal antibodies directed to defined glycan-epitopes with a miniature microarray analytical platform allowing screening of glycan occurrence in a broad range of biological contexts.
=521  \\$aFor undergraduate, graduate, and professional students
=546  \\$aEnglish
=650  \0$aBiology
=856  40$uhttps://www.jove.com/video/4238
=945  \\$aThe Whole World

