=LDR  00892ngm a2200000i 4500
=001  JoVEBiology4072
=008  161201s2016\\\\xx\\\\\g\\\\\\s\\\\\eng\d
=035  \\$a(OCoLC)733445860
=040  \\$aVaAlASP$cVaAlASP
=100  1\$aSuzuki,Yo
=245  12$aThe Green Monster Process for the Generation of Yeast Strains Carrying Multiple Gene Deletions$h[electronic resource]
=260  \\$aCambridge, MA$bMyJoVE Corp$c2016
=300  \\$aonline resource (786 seconds)
=490  0\$aBiology
=500  \\$aTitle from resource description page
=520  \\$aThe Green Monster method enables the rapid assembly of multiple deletions marked with a reporter gene encoding green fluorescent protein. This method is based on driving yeast strains through repeated cycles of sexual assortment of deletions and fluorescence-based enrichment of cells carrying more deletions.
=521  \\$aFor undergraduate, graduate, and professional students
=546  \\$aEnglish
=650  \0$aBiology
=856  40$uhttps://www.jove.com/video/4072
=945  \\$aThe Whole World

