=LDR  00862ngm a2200000i 4500
=001  JoVEMedicine3927
=008  161201s2016\\\\xx\\\\\g\\\\\\s\\\\\eng\d
=035  \\$a(OCoLC)733445860
=040  \\$aVaAlASP$cVaAlASP
=100  1\$aBlack,Joanna M.
=245  12$aThe Measurement and Treatment of Suppression in Amblyopia$h[electronic resource]
=260  \\$aCambridge, MA$bMyJoVE Corp$c2016
=300  \\$aonline resource (514 seconds)
=490  0\$aMedicine
=500  \\$aTitle from resource description page
=520  \\$aAmblyopia is a developmental disorder of the visual cortex that is often accompanied by strong suppression of one eye. We present a new technique for measuring and treating interocular suppression in patients with amblyopia that can be deployed using virtual reality goggles or a portable iPod Touch device.
=521  \\$aFor undergraduate, graduate, and professional students
=546  \\$aEnglish
=650  \0$aMedicine
=856  40$uhttps://www.jove.com/video/3927
=945  \\$aThe Whole World

