=LDR  00980ngm a2200000i 4500
=001  JoVEMedicine4331
=008  161201s2016\\\\xx\\\\\g\\\\\\s\\\\\eng\d
=035  \\$a(OCoLC)733445860
=040  \\$aVaAlASP$cVaAlASP
=100  1\$aNaigles,Letitia R.
=245  12$aPortable Intermodal Preferential Looking (IPL): Investigating Language Comprehension in Typically Developing Toddlers and Young Children with Autism$h[electronic resource]
=260  \\$aCambridge, MA$bMyJoVE Corp$c2016
=300  \\$aonline resource (611 seconds)
=490  0\$aMedicine
=500  \\$aTitle from resource description page
=520  \\$aA reliable home-based way to assess the language comprehension of very young typically developing children, as well as those with autism, is described.  The method analyzes children's eye gaze while viewing side-by-side images but hearing an audio that matches only one image.  Stimuli are designed with young participants in mind.
=521  \\$aFor undergraduate, graduate, and professional students
=546  \\$aEnglish
=650  \0$aMedicine
=856  40$uhttps://www.jove.com/video/4331
=945  \\$aThe Whole World

