=LDR  00898ngm a2200000i 4500
=001  JoVEBiology4305
=008  161201s2016\\\\xx\\\\\g\\\\\\s\\\\\eng\d
=035  \\$a(OCoLC)733445860
=040  \\$aVaAlASP$cVaAlASP
=100  1\$aNorby,Kathryn
=245  12$aMonitoring Plasmid Replication in Live Mammalian Cells over Multiple Generations by Fluorescence Microscopy$h[electronic resource]
=260  \\$aCambridge, MA$bMyJoVE Corp$c2016
=300  \\$aonline resource (754 seconds)
=490  0\$aBiology
=500  \\$aTitle from resource description page
=520  \\$aA method of observing individual DNA molecules in live cells is described. The technique is based on the binding of a fluorescently tagged lac repressor protein to binding sites engineered into the DNA of interest. This method can be adapted to follow many recombinant DNAs in live cells over time.
=521  \\$aFor undergraduate, graduate, and professional students
=546  \\$aEnglish
=650  \0$aBiology
=856  40$uhttps://www.jove.com/video/4305
=945  \\$aThe Whole World

