=LDR  00963ngm a2200000i 4500
=001  JoVEBiology4287
=008  161201s2016\\\\xx\\\\\g\\\\\\s\\\\\eng\d
=035  \\$a(OCoLC)733445860
=040  \\$aVaAlASP$cVaAlASP
=100  1\$aTario Jr.,Joseph D.
=245  12$aOptimized Staining and Proliferation Modeling Methods for Cell Division Monitoring using Cell Tracking Dyes$h[electronic resource]
=260  \\$aCambridge, MA$bMyJoVE Corp$c2016
=300  \\$aonline resource (1369 seconds)
=490  0\$aBiology
=500  \\$aTitle from resource description page
=520  \\$aSuccessful use of cell tracking dyes to monitor immune cell function and proliferation involves several critical steps.  We describe methods for: 1) obtaining bright, uniform, reproducible label-ing with membrane dyes; 2) selecting fluorochromes and data acquisition conditions; and 3) choosing a model to quantify cell proliferation based on dye dilution.
=521  \\$aFor undergraduate, graduate, and professional students
=546  \\$aEnglish
=650  \0$aBiology
=856  40$uhttps://www.jove.com/video/4287
=945  \\$aThe Whole World

