=LDR  00924ngm a2200000i 4500
=001  JoVEBiology4400
=008  161201s2016\\\\xx\\\\\g\\\\\\s\\\\\eng\d
=035  \\$a(OCoLC)733445860
=040  \\$aVaAlASP$cVaAlASP
=100  1\$aSmith,Leslie
=245  12$aChromosome Replicating Timing Combined with Fluorescent In situ Hybridization$h[electronic resource]
=260  \\$aCambridge, MA$bMyJoVE Corp$c2016
=300  \\$aonline resource (1034 seconds)
=490  0\$aBiology
=500  \\$aTitle from resource description page
=520  \\$aA quantitative method for the analysis of chromosome replication timing is described. The method utilizes BrdU incorporation in combination with fluorescent in situ hybridization (FISH) to assess replication timing of mammalian chromosomes. This technique allows for the direct comparison of rearranged and un-rearranged chromosomes within the same cell.
=521  \\$aFor undergraduate, graduate, and professional students
=546  \\$aEnglish
=650  \0$aBiology
=856  40$uhttps://www.jove.com/video/4400
=945  \\$aThe Whole World

