=LDR  00954ngm a2200000i 4500
=001  JoVEBiology4273
=008  161201s2016\\\\xx\\\\\g\\\\\\s\\\\\eng\d
=035  \\$a(OCoLC)733445860
=040  \\$aVaAlASP$cVaAlASP
=100  1\$aXing,Haipeng
=245  12$aA Novel Bayesian Change-point Algorithm for Genome-wide Analysis of Diverse ChIPseq Data Types$h[electronic resource]
=260  \\$aCambridge, MA$bMyJoVE Corp$c2016
=300  \\$aonline resource (759 seconds)
=490  0\$aBiology
=500  \\$aTitle from resource description page
=520  \\$aOur Bayesian Change Point (BCP) algorithm builds on state-of-the-art advances in modeling change-points via Hidden Markov Models and applies them to chromatin immunoprecipitation sequencing (ChIPseq) data analysis. BCP performs well in both broad and punctate data types, but excels in accurately identifying robust, reproducible islands of diffuse histone enrichment.
=521  \\$aFor undergraduate, graduate, and professional students
=546  \\$aEnglish
=650  \0$aBiology
=856  40$uhttps://www.jove.com/video/4273
=945  \\$aThe Whole World

