=LDR  01005ngm a2200000i 4500
=001  JoVEBiology4009
=008  161201s2016\\\\xx\\\\\g\\\\\\s\\\\\eng\d
=035  \\$a(OCoLC)733445860
=040  \\$aVaAlASP$cVaAlASP
=100  1\$aRabotyagov,Sergey
=245  12$aSpatial Multiobjective Optimization of Agricultural Conservation Practices using a SWAT Model and an Evolutionary Algorithm$h[electronic resource]
=260  \\$aCambridge, MA$bMyJoVE Corp$c2016
=300  \\$aonline resource (713 seconds)
=490  0\$aBiology
=500  \\$aTitle from resource description page
=520  \\$aThis work demonstrates an integration of a water quality model with an optimization component utilizing evolutionary algorithms to solve for optimal (lowest-cost) placement of agricultural conservation practices for a specified set of water quality improvement objectives. The solutions are generated using a multi-objective approach, allowing for explicit quantification of tradeoffs.
=521  \\$aFor undergraduate, graduate, and professional students
=546  \\$aEnglish
=650  \0$aBiology
=856  40$uhttps://www.jove.com/video/4009
=945  \\$aThe Whole World

