=LDR  00859ngm a2200000i 4500
=001  JoVEMedicine4371
=008  161201s2016\\\\xx\\\\\g\\\\\\s\\\\\eng\d
=035  \\$a(OCoLC)733445860
=040  \\$aVaAlASP$cVaAlASP
=100  1\$aFederici,Thais
=245  12$aSurgical Technique for Spinal Cord Delivery of Therapies: Demonstration of Procedure in Gottingen Minipigs$h[electronic resource]
=260  \\$aCambridge, MA$bMyJoVE Corp$c2016
=300  \\$aonline resource (563 seconds)
=490  0\$aMedicine
=500  \\$aTitle from resource description page
=520  \\$aShort visual description of the surgical technique and device used for the delivery of (gene and cell) therapies into the spinal cord.  The technique is demonstrated in the animal but is entirely translatable and currently being used for human application.
=521  \\$aFor undergraduate, graduate, and professional students
=546  \\$aEnglish
=650  \0$aMedicine
=856  40$uhttps://www.jove.com/video/4371
=945  \\$aThe Whole World

