=LDR  00934ngm a2200000i 4500
=001  JoVEMedicine4414
=008  161201s2016\\\\xx\\\\\g\\\\\\s\\\\\eng\d
=035  \\$a(OCoLC)733445860
=040  \\$aVaAlASP$cVaAlASP
=100  1\$aAbedi,Mohammad R.
=245  12$aPreparation and Pathogen Inactivation of Double Dose Buffy Coat Platelet Products using the INTERCEPT Blood System$h[electronic resource]
=260  \\$aCambridge, MA$bMyJoVE Corp$c2016
=300  \\$aonline resource (760 seconds)
=490  0\$aMedicine
=500  \\$aTitle from resource description page
=520  \\$aThis article describes the process used by Örebro University Hospital to produce double dose buffy coat platelet concentrates prepared from whole blood donations and treated with the INTERCEPT Blood System for pathogen inactivation. The in vitro quality of the final platelet units are evaluated over 7 days of storage.
=521  \\$aFor undergraduate, graduate, and professional students
=546  \\$aEnglish
=650  \0$aMedicine
=856  40$uhttps://www.jove.com/video/4414
=945  \\$aThe Whole World

