=LDR  00918ngm a2200000i 4500
=001  JoVEBiology4319
=008  161201s2016\\\\xx\\\\\g\\\\\\s\\\\\eng\d
=035  \\$a(OCoLC)733445860
=040  \\$aVaAlASP$cVaAlASP
=100  1\$aGarcia,Anastacia M.
=245  12$aUse of Time Lapse Microscopy to Visualize Anoxia-induced Suspended Animation in C. elegans Embryos$h[electronic resource]
=260  \\$aCambridge, MA$bMyJoVE Corp$c2016
=300  \\$aonline resource (529 seconds)
=490  0\$aBiology
=500  \\$aTitle from resource description page
=520  \\$aDescribed here is an in vivo technique to image sub-cellular structures in animals exposed to anoxia using a gas flow through microincubation chamber in conjunction with a spinning disc confocal microscope. This method is straightforward and flexible enough to suit a variety of experimental parameters and model systems.
=521  \\$aFor undergraduate, graduate, and professional students
=546  \\$aEnglish
=650  \0$aBiology
=856  40$uhttps://www.jove.com/video/4319
=945  \\$aThe Whole World

