=LDR  00860ngm a2200000i 4500
=001  JoVEBiology3995
=008  161201s2016\\\\xx\\\\\g\\\\\\s\\\\\eng\d
=035  \\$a(OCoLC)733445860
=040  \\$aVaAlASP$cVaAlASP
=100  1\$aWatanabe,Shigeki
=245  12$aNano-fEM: Protein Localization Using Photo-activated Localization Microscopy and Electron Microscopy$h[electronic resource]
=260  \\$aCambridge, MA$bMyJoVE Corp$c2016
=300  \\$aonline resource (793 seconds)
=490  0\$aBiology
=500  \\$aTitle from resource description page
=520  \\$aWe describe a method to localize fluorescently tagged proteins in electron micrographs. Fluorescence is first localized using photo-activated localization microscopy on ultrathin sections.  These images are then aligned to electron micrographs of the same section.
=521  \\$aFor undergraduate, graduate, and professional students
=546  \\$aEnglish
=650  \0$aBiology
=856  40$uhttps://www.jove.com/video/3995
=945  \\$aThe Whole World

