=LDR  00787ngm a2200000i 4500
=001  JoVEMedicine50019
=008  161201s2016\\\\xx\\\\\g\\\\\\s\\\\\eng\d
=035  \\$a(OCoLC)733445860
=040  \\$aVaAlASP$cVaAlASP
=100  1\$aMartin,Jacob A.
=245  12$aRat Model of Blood-brain Barrier Disruption to Allow Targeted Neurovascular Therapeutics$h[electronic resource]
=260  \\$aCambridge, MA$bMyJoVE Corp$c2016
=300  \\$aonline resource (523 seconds)
=490  0\$aMedicine
=500  \\$aTitle from resource description page
=520  \\$aBlood-brain barrier disruption aids the delivery of certain drugs to the brain. Mannitol delivered intra-arterially shrinks cells surrounding blood vessels in order to physically disrupt the barrier.
=521  \\$aFor undergraduate, graduate, and professional students
=546  \\$aEnglish
=650  \0$aMedicine
=856  40$uhttps://www.jove.com/video/50019
=945  \\$aThe Whole World

