=LDR  00853ngm a2200000i 4500
=001  JoVEBiology4003
=008  161201s2016\\\\xx\\\\\g\\\\\\s\\\\\eng\d
=035  \\$a(OCoLC)733445860
=040  \\$aVaAlASP$cVaAlASP
=100  1\$aBoland,Michael J.
=245  12$aGeneration of Mice Derived from Induced Pluripotent Stem Cells$h[electronic resource]
=260  \\$aCambridge, MA$bMyJoVE Corp$c2016
=300  \\$aonline resource (716 seconds)
=490  0\$aBiology
=500  \\$aTitle from resource description page
=520  \\$aGenerating induced pluripotent stem cell (iPSC) lines produces lines of differing developmental potential even when they pass standard tests for pluripotency. Here we describe a protocol to produce mice derived entirely from iPSCs, which defines the iPSC lines as possessing full pluripotency1.
=521  \\$aFor undergraduate, graduate, and professional students
=546  \\$aEnglish
=650  \0$aBiology
=856  40$uhttps://www.jove.com/video/4003
=945  \\$aThe Whole World

