=LDR  00877ngm a2200000i 4500
=001  JoVEMedicine4338
=008  161201s2016\\\\xx\\\\\g\\\\\\s\\\\\eng\d
=035  \\$a(OCoLC)733445860
=040  \\$aVaAlASP$cVaAlASP
=100  1\$aGuo,Lingling
=245  12$aOrthotopic Aortic Transplantation in Mice for the Study of Vascular Disease$h[electronic resource]
=260  \\$aCambridge, MA$bMyJoVE Corp$c2016
=300  \\$aonline resource (546 seconds)
=490  0\$aMedicine
=500  \\$aTitle from resource description page
=520  \\$aWe describe a technique in which a section of the abdominal aorta from a mouse is transplanted orthotopically to just below the renal arteries in an allogeneic or syngeneic recipient.  This technique can be useful in studies in which transplantation of large arteries of uniform size is deemed advantageous.
=521  \\$aFor undergraduate, graduate, and professional students
=546  \\$aEnglish
=650  \0$aMedicine
=856  40$uhttps://www.jove.com/video/4338
=945  \\$aThe Whole World

