=LDR  00917ngm a2200000i 4500
=001  JoVEMedicine4016
=008  161201s2016\\\\xx\\\\\g\\\\\\s\\\\\eng\d
=035  \\$a(OCoLC)733445860
=040  \\$aVaAlASP$cVaAlASP
=100  1\$aGalichanin,Konstantin
=245  12$aCharacterization of Molecular Mechanisms of In vivo UVR Induced Cataract$h[electronic resource]
=260  \\$aCambridge, MA$bMyJoVE Corp$c2016
=300  \\$aonline resource (836 seconds)
=490  0\$aMedicine
=500  \\$aTitle from resource description page
=520  \\$aCataract is the leading cause of blindness in the world. Solar ultraviolet radiation (UVR) is the main risk factor for cataract development. An animal model of far UVR-B induced cataract was developed. In this article we describe methods for investigation of cataract formation: exposure to UVR, quantitative RT-PCR and immunohistochemistry.
=521  \\$aFor undergraduate, graduate, and professional students
=546  \\$aEnglish
=650  \0$aMedicine
=856  40$uhttps://www.jove.com/video/4016
=945  \\$aThe Whole World

