=LDR  00718ngm a2200000i 4500
=001  JoVEMedicine4286
=008  161201s2016\\\\xx\\\\\g\\\\\\s\\\\\eng\d
=035  \\$a(OCoLC)733445860
=040  \\$aVaAlASP$cVaAlASP
=100  1\$aWert,Katherine J.
=245  12$aSubretinal Injection of Gene Therapy Vectors and Stem Cells in the Perinatal Mouse Eye$h[electronic resource]
=260  \\$aCambridge, MA$bMyJoVE Corp$c2016
=300  \\$aonline resource (309 seconds)
=490  0\$aMedicine
=500  \\$aTitle from resource description page
=520  \\$aThis surgical technique illustrates the injection of gene therapy vectors and stem cells into the subretinal space of the mouse eye.
=521  \\$aFor undergraduate, graduate, and professional students
=546  \\$aEnglish
=650  \0$aMedicine
=856  40$uhttps://www.jove.com/video/4286
=945  \\$aThe Whole World

