=LDR  00968ngm a2200000i 4500
=001  JoVEMedicine4372
=008  161201s2016\\\\xx\\\\\g\\\\\\s\\\\\eng\d
=035  \\$a(OCoLC)733445860
=040  \\$aVaAlASP$cVaAlASP
=100  1\$aKaramzadeh,Razieh
=245  12$aIsolation, Characterization and Comparative Differentiation of Human Dental Pulp Stem Cells Derived from Permanent Teeth by Using Two Different Methods$h[electronic resource]
=260  \\$aCambridge, MA$bMyJoVE Corp$c2016
=300  \\$aonline resource (892 seconds)
=490  0\$aMedicine
=500  \\$aTitle from resource description page
=520  \\$aThe method described isolation and characterization of human Dental Pulp Stem Cells (hDPSCs) by using either enzymatic dissociation of pulp (DPSC-ED) or direct outgrowth of stem cells from pulp tissue explants (DPSC-OG). Then followed by in vitro comparative differentiation of both types of hDPSCs into odontoblasts.
=521  \\$aFor undergraduate, graduate, and professional students
=546  \\$aEnglish
=650  \0$aMedicine
=856  40$uhttps://www.jove.com/video/4372
=945  \\$aThe Whole World

