=LDR  00773ngm a2200000i 4500
=001  JoVEBiology4356
=008  161201s2016\\\\xx\\\\\g\\\\\\s\\\\\eng\d
=035  \\$a(OCoLC)733445860
=040  \\$aVaAlASP$cVaAlASP
=100  1\$aGe,Xiuchun
=245  12$aGenome-wide Gene Deletions in Streptococcus sanguinis by High Throughput PCR$h[electronic resource]
=260  \\$aCambridge, MA$bMyJoVE Corp$c2016
=300  \\$aonline resource (847 seconds)
=490  0\$aBiology
=500  \\$aTitle from resource description page
=520  \\$aAn efficient genome-wide single gene mutation method has been established using Streptococcus sanguinis as a model organism. This method has achieved via high throughput recombinant PCRs and transformations.
=521  \\$aFor undergraduate, graduate, and professional students
=546  \\$aEnglish
=650  \0$aBiology
=856  40$uhttps://www.jove.com/video/4356
=945  \\$aThe Whole World

