=LDR  00868ngm a2200000i 4500
=001  JoVEBiology4060
=008  161201s2016\\\\xx\\\\\g\\\\\\s\\\\\eng\d
=035  \\$a(OCoLC)733445860
=040  \\$aVaAlASP$cVaAlASP
=100  1\$aWang,Xukui
=245  12$aFunctional Imaging of Brown Fat in Mice with 18F-FDG micro-PET/CT$h[electronic resource]
=260  \\$aCambridge, MA$bMyJoVE Corp$c2016
=300  \\$aonline resource (653 seconds)
=490  0\$aBiology
=500  \\$aTitle from resource description page
=520  \\$aA method of functional imaging of mouse brown adipose tissue (BAT) is described in which cold-stimulated uptake of 18F-Fluorodeoxyglucose (FDG) in BAT is non-invasively assessed with a standardized micro-PET/CT protocol. This method is robust and sensitive to detect differences in BAT activities in mouse models.
=521  \\$aFor undergraduate, graduate, and professional students
=546  \\$aEnglish
=650  \0$aBiology
=856  40$uhttps://www.jove.com/video/4060
=945  \\$aThe Whole World

