=LDR  00812ngm a2200000i 4500
=001  JoVEMedicine4201
=008  161201s2016\\\\xx\\\\\g\\\\\\s\\\\\eng\d
=035  \\$a(OCoLC)733445860
=040  \\$aVaAlASP$cVaAlASP
=100  1\$aZhang,Lifeng
=245  12$aImaging Glioma Initiation In Vivo Through a Polished and Reinforced Thin-skull Cranial Window$h[electronic resource]
=260  \\$aCambridge, MA$bMyJoVE Corp$c2016
=300  \\$aonline resource (584 seconds)
=490  0\$aMedicine
=500  \\$aTitle from resource description page
=520  \\$aBy combining a polished and reinforced thin-skull (PoRTS) cranial window and glioblastoma (GBM) cell injection, we can observe glioma initiation and growth from injected GBM cells in the brain of a live mouse longitudinally.
=521  \\$aFor undergraduate, graduate, and professional students
=546  \\$aEnglish
=650  \0$aMedicine
=856  40$uhttps://www.jove.com/video/4201
=945  \\$aThe Whole World

