=LDR  00813ngm a2200000i 4500
=001  JoVEBiology4196
=008  161201s2016\\\\xx\\\\\g\\\\\\s\\\\\eng\d
=035  \\$a(OCoLC)733445860
=040  \\$aVaAlASP$cVaAlASP
=100  1\$aAvdesh,Avdesh
=245  12$aRegular Care and Maintenance of a Zebrafish (Danio rerio) Laboratory: An Introduction$h[electronic resource]
=260  \\$aCambridge, MA$bMyJoVE Corp$c2016
=300  \\$aonline resource (707 seconds)
=490  0\$aBiology
=500  \\$aTitle from resource description page
=520  \\$aThis protocol outlines regular maintenance and care to maintain optimal conditions for zebrafish husbandry. The video illustrates the protocol for system maintenance, regular housing, feeding, breeding, and raising of zebrafish larvae.
=521  \\$aFor undergraduate, graduate, and professional students
=546  \\$aEnglish
=650  \0$aBiology
=856  40$uhttps://www.jove.com/video/4196
=945  \\$aThe Whole World

