=LDR  00939ngm a2200000i 4500
=001  JoVEBiology50123
=008  161201s2016\\\\xx\\\\\g\\\\\\s\\\\\eng\d
=035  \\$a(OCoLC)733445860
=040  \\$aVaAlASP$cVaAlASP
=100  1\$aOestreicher,Zachery
=245  12$aCollection, Isolation and Enrichment of Naturally Occurring Magnetotactic Bacteria from the Environment$h[electronic resource]
=260  \\$aCambridge, MA$bMyJoVE Corp$c2016
=300  \\$aonline resource (357 seconds)
=490  0\$aBiology
=500  \\$aTitle from resource description page
=520  \\$aWe demonstrate a method to collect magnetotactic bacteria (MTB) that can be applied to natural waters.  MTB can be isolated and enriched from sediment samples using a relatively simple setup that takes advantage of the bacteria's natural magnetism.  Isolated MTB can then be examined in detail using both light and electron microscopy.
=521  \\$aFor undergraduate, graduate, and professional students
=546  \\$aEnglish
=650  \0$aBiology
=856  40$uhttps://www.jove.com/video/50123
=945  \\$aThe Whole World

