=LDR  00890ngm a2200000i 4500
=001  JoVEBiology4173
=008  161201s2016\\\\xx\\\\\g\\\\\\s\\\\\eng\d
=035  \\$a(OCoLC)733445860
=040  \\$aVaAlASP$cVaAlASP
=100  1\$aStoepler,Teresa M.
=245  12$aA Simple Protocol for Extracting Hemocytes from Wild Caterpillars$h[electronic resource]
=260  \\$aCambridge, MA$bMyJoVE Corp$c2016
=300  \\$aonline resource (455 seconds)
=490  0\$aBiology
=500  \\$aTitle from resource description page
=520  \\$aInsect hemocytes carry out many important functions, both immune and non-immune, throughout all stages of insect development. Our present knowledge of hemocyte types and function comes from studies on insect genetic models. Here, we present a method for extracting, quantifying and visualizing hemocytes from wild caterpillars.
=521  \\$aFor undergraduate, graduate, and professional students
=546  \\$aEnglish
=650  \0$aBiology
=856  40$uhttps://www.jove.com/video/4173
=945  \\$aThe Whole World

