=LDR  00969ngm a2200000i 4500
=001  JoVEMedicine50086
=008  161201s2016\\\\xx\\\\\g\\\\\\s\\\\\eng\d
=035  \\$a(OCoLC)733445860
=040  \\$aVaAlASP$cVaAlASP
=100  1\$aIyengar,Sharanya
=245  12$aScreening for Melanoma Modifiers using a Zebrafish Autochthonous Tumor Model$h[electronic resource]
=260  \\$aCambridge, MA$bMyJoVE Corp$c2016
=300  \\$aonline resource (623 seconds)
=490  0\$aMedicine
=500  \\$aTitle from resource description page
=520  \\$aA rapid way to screen for melanoma modifiers using a zebrafish autochthonous tumor model is presented. It takes advantage of the miniCoopR vector which allows for expression of candidate melanoma genes in melanocytes. A method to obtain melanoma-free survival curves, an invasion assay, a protocol for antibody staining of scale melanocytes and a melanoma transplantation assay are described.
=521  \\$aFor undergraduate, graduate, and professional students
=546  \\$aEnglish
=650  \0$aMedicine
=856  40$uhttps://www.jove.com/video/50086
=945  \\$aThe Whole World

