=LDR  00875ngm a2200000i 4500
=001  JoVEMedicine4341
=008  161201s2016\\\\xx\\\\\g\\\\\\s\\\\\eng\d
=035  \\$a(OCoLC)733445860
=040  \\$aVaAlASP$cVaAlASP
=100  1\$aXu,Yingding
=245  12$aCerenkov Luminescence Imaging (CLI) for Cancer Therapy Monitoring$h[electronic resource]
=260  \\$aCambridge, MA$bMyJoVE Corp$c2016
=300  \\$aonline resource (525 seconds)
=490  0\$aMedicine
=500  \\$aTitle from resource description page
=520  \\$aUse of Cerenkov Luminescence Imaging (CLI) for monitoring preclinical cancer treatment is described here. This method takes advantage of Cerenkov Radiation (CR) and optical imaging (OI) to visualize radiolabeled probes and thus provides an alternative to PET in preclinical therapeutic monitoring and drug screening.
=521  \\$aFor undergraduate, graduate, and professional students
=546  \\$aEnglish
=650  \0$aMedicine
=856  40$uhttps://www.jove.com/video/4341
=945  \\$aThe Whole World

