=LDR  01138ngm a2200000i 4500
=001  JoVEBiology4057
=008  161201s2016\\\\xx\\\\\g\\\\\\s\\\\\eng\d
=035  \\$a(OCoLC)733445860
=040  \\$aVaAlASP$cVaAlASP
=100  1\$aBabu,Mohan
=245  12$aIdentification of Protein Complexes in Escherichia coli using Sequential Peptide Affinity Purification in Combination with Tandem Mass Spectrometry$h[electronic resource]
=260  \\$aCambridge, MA$bMyJoVE Corp$c2016
=300  \\$aonline resource (898 seconds)
=490  0\$aBiology
=500  \\$aTitle from resource description page
=520  \\$aAffinity purification of tagged proteins in combination with mass spectrometry (APMS) is a powerful method for the systematic mapping of protein interaction networks and for investigating the mechanistic basis of biological processes. Here, we describe an optimized sequential peptide affinity (SPA) APMS procedure developed for the bacterium Escherichia coli that can be used to isolate and characterize stable multi-protein complexes to near homogeneity even starting from low copy numbers per cell.
=521  \\$aFor undergraduate, graduate, and professional students
=546  \\$aEnglish
=650  \0$aBiology
=856  40$uhttps://www.jove.com/video/4057
=945  \\$aThe Whole World

