=LDR  00977ngm a2200000i 4500
=001  JoVEBiology4056
=008  161201s2016\\\\xx\\\\\g\\\\\\s\\\\\eng\d
=035  \\$a(OCoLC)733445860
=040  \\$aVaAlASP$cVaAlASP
=100  1\$aGagarinova,Alla
=245  12$aMapping Bacterial Functional Networks and Pathways in Escherichia Coli using Synthetic Genetic Arrays$h[electronic resource]
=260  \\$aCambridge, MA$bMyJoVE Corp$c2016
=300  \\$aonline resource (846 seconds)
=490  0\$aBiology
=500  \\$aTitle from resource description page
=520  \\$aSystematic, large-scale synthetic genetic (gene-gene or epistasis) interaction screens can be used to explore genetic redundancy and pathway cross-talk. Here, we describe a high-throughput quantitative synthetic genetic array screening technology, termed eSGA that we developed for elucidating epistatic relationships and exploring genetic interaction networks in Escherichia coli.
=521  \\$aFor undergraduate, graduate, and professional students
=546  \\$aEnglish
=650  \0$aBiology
=856  40$uhttps://www.jove.com/video/4056
=945  \\$aThe Whole World

