=LDR  00923ngm a2200000i 4500
=001  JoVEMedicine4124
=008  161201s2016\\\\xx\\\\\g\\\\\\s\\\\\eng\d
=035  \\$a(OCoLC)733445860
=040  \\$aVaAlASP$cVaAlASP
=100  1\$aSchleimer,Karina
=245  12$aTraining a Sophisticated Microsurgical Technique: Interposition of External Jugular Vein Graft in the Common Carotid Artery in Rats$h[electronic resource]
=260  \\$aCambridge, MA$bMyJoVE Corp$c2016
=300  \\$aonline resource (921 seconds)
=490  0\$aMedicine
=500  \\$aTitle from resource description page
=520  \\$aNeointimal hyperplasia is the primary cause of stenosis in arterialized veins. We propose a new protocol whereby the right external jugular vein is grafted using the cuff technique in the common carotid artery of Sprague Dawley rats. The survival rate was 100 % at the time point of sacrifice.
=521  \\$aFor undergraduate, graduate, and professional students
=546  \\$aEnglish
=650  \0$aMedicine
=856  40$uhttps://www.jove.com/video/4124
=945  \\$aThe Whole World

