=LDR  01062ngm a2200000i 4500
=001  JoVEBiology3327
=008  161201s2016\\\\xx\\\\\g\\\\\\s\\\\\eng\d
=035  \\$a(OCoLC)733445860
=040  \\$aVaAlASP$cVaAlASP
=100  1\$aGreussing,Ruth
=245  12$aMonitoring of Ubiquitin-proteasome Activity in Living Cells Using a Degron (dgn)-destabilized Green Fluorescent Protein (GFP)-based Reporter Protein$h[electronic resource]
=260  \\$aCambridge, MA$bMyJoVE Corp$c2016
=300  \\$aonline resource (625 seconds)
=490  0\$aBiology
=500  \\$aTitle from resource description page
=520  \\$aA method to monitor ubiquitin-proteasome activity in living cells is described. A degron-destabilized GFP- (GFP-dgn) and a stable GFP-dgnFS fusion protein are generated and transduced into the cell using a lentiviral expression vector. This technique allows to generate a stable GFP-dgn/GFP-dgnFS expressing cell line in which ubiquitin-proteasome activity can be easily assessed using epifluorescence or flow cytometry.
=521  \\$aFor undergraduate, graduate, and professional students
=546  \\$aEnglish
=650  \0$aBiology
=856  40$uhttps://www.jove.com/video/3327
=945  \\$aThe Whole World

