=LDR  00864ngm a2200000i 4500
=001  JoVEMedicine4102
=008  161201s2016\\\\xx\\\\\g\\\\\\s\\\\\eng\d
=035  \\$a(OCoLC)733445860
=040  \\$aVaAlASP$cVaAlASP
=100  1\$aKitamura,Koji
=245  12$aOrthotopic Small Bowel Transplantation in Rats$h[electronic resource]
=260  \\$aCambridge, MA$bMyJoVE Corp$c2016
=300  \\$aonline resource (556 seconds)
=490  0\$aMedicine
=500  \\$aTitle from resource description page
=520  \\$aSmall bowel transplantation has become an accepted treatment option for patients with irreversible intestinal failure. Our experimental model of orthotopic small bowel transplantation in rats serves as a reliable tool to address underlying immunologic and inflammatory processes that complicate intestinal transplantation.
=521  \\$aFor undergraduate, graduate, and professional students
=546  \\$aEnglish
=650  \0$aMedicine
=856  40$uhttps://www.jove.com/video/4102
=945  \\$aThe Whole World

