=LDR  00862ngm a2200000i 4500
=001  JoVEMedicine4038
=008  161201s2016\\\\xx\\\\\g\\\\\\s\\\\\eng\d
=035  \\$a(OCoLC)733445860
=040  \\$aVaAlASP$cVaAlASP
=100  1\$aRousselet,Estelle
=245  12$aMouse Model of Intraluminal MCAO: Cerebral Infarct Evaluation by Cresyl Violet Staining$h[electronic resource]
=260  \\$aCambridge, MA$bMyJoVE Corp$c2016
=300  \\$aonline resource (580 seconds)
=490  0\$aMedicine
=500  \\$aTitle from resource description page
=520  \\$aThe intraluminal middle cerebral occlusion model in mice is herein presented. The extent of cerebral infarct is evaluated by a neurologic score and cresyl violet staining, an alternative staining to TTC, offering the great advantage to test in parallel many interest markers.
=521  \\$aFor undergraduate, graduate, and professional students
=546  \\$aEnglish
=650  \0$aMedicine
=856  40$uhttps://www.jove.com/video/4038
=945  \\$aThe Whole World

