=LDR  00870ngm a2200000i 4500
=001  JoVEBiology4449
=008  161201s2016\\\\xx\\\\\g\\\\\\s\\\\\eng\d
=035  \\$a(OCoLC)733445860
=040  \\$aVaAlASP$cVaAlASP
=100  1\$aWillis,Jeremy
=245  12$aStudy of the DNA Damage Checkpoint using Xenopus Egg Extracts$h[electronic resource]
=260  \\$aCambridge, MA$bMyJoVE Corp$c2016
=300  \\$aonline resource (655 seconds)
=490  0\$aBiology
=500  \\$aTitle from resource description page
=520  \\$aXenopus egg extract is a useful model system to investigate the DNA damage checkpoint. This protocol is for the preparation of Xenopus egg extracts and DNA damage checkpoint inducing reagents. These techniques are adaptable to a variety of DNA damaging approaches in the study of the DNA damage checkpoint signaling.
=521  \\$aFor undergraduate, graduate, and professional students
=546  \\$aEnglish
=650  \0$aBiology
=856  40$uhttps://www.jove.com/video/4449
=945  \\$aThe Whole World

