=LDR  00898ngm a2200000i 4500
=001  JoVEBiology4266
=008  161201s2016\\\\xx\\\\\g\\\\\\s\\\\\eng\d
=035  \\$a(OCoLC)733445860
=040  \\$aVaAlASP$cVaAlASP
=100  1\$aChung,Yu Seon
=245  12$aIterative Optimization of DNA Duplexes for Crystallization of SeqA-DNA Complexes$h[electronic resource]
=260  \\$aCambridge, MA$bMyJoVE Corp$c2016
=300  \\$aonline resource (702 seconds)
=490  0\$aBiology
=500  \\$aTitle from resource description page
=520  \\$aCrystal structure of protein–DNA complexes can provide insight into protein function, mechanism, as well as, the nature of the specific interaction. Here, we report how to optimize the length, sequence and ends of duplex DNA for co-crystallization with Escherichia coli SeqA, a negative regulator of replication initiation.
=521  \\$aFor undergraduate, graduate, and professional students
=546  \\$aEnglish
=650  \0$aBiology
=856  40$uhttps://www.jove.com/video/4266
=945  \\$aThe Whole World

