=LDR  00912ngm a2200000i 4500
=001  JoVEBiology4198
=008  161201s2016\\\\xx\\\\\g\\\\\\s\\\\\eng\d
=035  \\$a(OCoLC)733445860
=040  \\$aVaAlASP$cVaAlASP
=100  1\$aPark,Ki Ho
=245  12$aEx Vivo Assessment of Contractility, Fatigability and Alternans in Isolated Skeletal Muscles$h[electronic resource]
=260  \\$aCambridge, MA$bMyJoVE Corp$c2016
=300  \\$aonline resource (842 seconds)
=490  0\$aBiology
=500  \\$aTitle from resource description page
=520  \\$a 
We describe a method to directly measure muscle force, muscle power, contractile kinetics and fatigability of isolated skeletal muscles in an in vitro system using field stimulation. Valuable information on Ca2+ handling properties and contractile machinery of the muscle can be obtained using different stimulating protocols. 
=521  \\$aFor undergraduate, graduate, and professional students
=546  \\$aEnglish
=650  \0$aBiology
=856  40$uhttps://www.jove.com/video/4198
=945  \\$aThe Whole World

