=LDR  00931ngm a2200000i 4500
=001  JoVEBiology4327
=008  161201s2016\\\\xx\\\\\g\\\\\\s\\\\\eng\d
=035  \\$a(OCoLC)733445860
=040  \\$aVaAlASP$cVaAlASP
=100  1\$aSommer,Andreia Gianotti
=245  12$aGeneration of Human Induced Pluripotent Stem Cells from Peripheral Blood Using the STEMCCA Lentiviral Vector$h[electronic resource]
=260  \\$aCambridge, MA$bMyJoVE Corp$c2016
=300  \\$aonline resource (723 seconds)
=490  0\$aBiology
=500  \\$aTitle from resource description page
=520  \\$aHere we show a simple and effective protocol for the generation of human iPSCs from 3-4 ml of peripheral blood using a single lentiviral reprogramming vector. Reprogramming of readily available blood cells promises to accelerate the utilization of iPSC technology by making it accessible to a broader research community.
=521  \\$aFor undergraduate, graduate, and professional students
=546  \\$aEnglish
=650  \0$aBiology
=856  40$uhttps://www.jove.com/video/4327
=945  \\$aThe Whole World

