=LDR  00900ngm a2200000i 4500
=001  JoVEMedicine4219
=008  161201s2016\\\\xx\\\\\g\\\\\\s\\\\\eng\d
=035  \\$a(OCoLC)733445860
=040  \\$aVaAlASP$cVaAlASP
=100  1\$aCarlon,Marianne S.
=245  12$aA Novel Surgical Approach for Intratracheal Administration of Bioactive Agents in a Fetal Mouse Model$h[electronic resource]
=260  \\$aCambridge, MA$bMyJoVE Corp$c2016
=300  \\$aonline resource (612 seconds)
=490  0\$aMedicine
=500  \\$aTitle from resource description page
=520  \\$aWe developed a novel surgical approach for intratracheal administration of bioactive agents into the mouse fetus. The delivery route is more efficient in targeting the fetal mouse lungs than the commonly used intra-amniotic injection. This procedure has to date not been described in a mouse model.
=521  \\$aFor undergraduate, graduate, and professional students
=546  \\$aEnglish
=650  \0$aMedicine
=856  40$uhttps://www.jove.com/video/4219
=945  \\$aThe Whole World

