=LDR  00931ngm a2200000i 4500
=001  JoVEMedicine4247
=008  161201s2016\\\\xx\\\\\g\\\\\\s\\\\\eng\d
=035  \\$a(OCoLC)733445860
=040  \\$aVaAlASP$cVaAlASP
=100  1\$aFiema,Bryan
=245  12$aHigh Throughput Sequential ELISA for Validation of Biomarkers of Acute Graft-Versus-Host Disease$h[electronic resource]
=260  \\$aCambridge, MA$bMyJoVE Corp$c2016
=300  \\$aonline resource (540 seconds)
=490  0\$aMedicine
=500  \\$aTitle from resource description page
=520  \\$aHigh throughput validation of multiple candidate biomarkers can be performed by sequential ELISA in order to minimize freeze/thaw cycles and use of precious plasma samples. Here, we demonstrate how to sequentially perform ELISAs for six different validated plasma biomarkers1-3 of graft-versus-host disease (GVHD)4 on the same plasma sample.
=521  \\$aFor undergraduate, graduate, and professional students
=546  \\$aEnglish
=650  \0$aMedicine
=856  40$uhttps://www.jove.com/video/4247
=945  \\$aThe Whole World

