=LDR  00879ngm a2200000i 4500
=001  JoVEBiology4382
=008  161201s2016\\\\xx\\\\\g\\\\\\s\\\\\eng\d
=035  \\$a(OCoLC)733445860
=040  \\$aVaAlASP$cVaAlASP
=100  1\$aFreeman,Jamie
=245  12$aA High-content Imaging Workflow to Study Grb2 Signaling Complexes by Expression Cloning$h[electronic resource]
=260  \\$aCambridge, MA$bMyJoVE Corp$c2016
=300  \\$aonline resource (652 seconds)
=490  0\$aBiology
=500  \\$aTitle from resource description page
=520  \\$aA high-content screening method for the identification of novel signaling competent transmembrane receptors is described. This method is amenable to large-scale automation and allows predictions about in vivo protein binding and the sub-cellular localization of protein complexes in mammalian cells.
=521  \\$aFor undergraduate, graduate, and professional students
=546  \\$aEnglish
=650  \0$aBiology
=856  40$uhttps://www.jove.com/video/4382
=945  \\$aThe Whole World

