=LDR  00897ngm a2200000i 4500
=001  JoVEBiology3951
=008  161201s2016\\\\xx\\\\\g\\\\\\s\\\\\eng\d
=035  \\$a(OCoLC)733445860
=040  \\$aVaAlASP$cVaAlASP
=100  1\$aTurner,William S.
=245  12$aRapid Fibroblast Removal from High Density Human Embryonic Stem Cell Cultures$h[electronic resource]
=260  \\$aCambridge, MA$bMyJoVE Corp$c2016
=300  \\$aonline resource (432 seconds)
=490  0\$aBiology
=500  \\$aTitle from resource description page
=520  \\$aDespite ongoing efforts to transition cultures to feeder-free conditions, the derivation and culture of human embryonic stem cells (hESC) remain largely dependent on co-cultures with mouse embryonic feeders (MEFs).  Here, we show a novel methodology for rapidly removing feeders from hESC cultures prior to experimentation.
=521  \\$aFor undergraduate, graduate, and professional students
=546  \\$aEnglish
=650  \0$aBiology
=856  40$uhttps://www.jove.com/video/3951
=945  \\$aThe Whole World

