=LDR  00861ngm a2200000i 4500
=001  JoVEBiology4229
=008  161201s2016\\\\xx\\\\\g\\\\\\s\\\\\eng\d
=035  \\$a(OCoLC)733445860
=040  \\$aVaAlASP$cVaAlASP
=100  1\$aKaupp,James A.
=245  12$aMechanical Stimulation of Chondrocyte-agarose Hydrogels$h[electronic resource]
=260  \\$aCambridge, MA$bMyJoVE Corp$c2016
=300  \\$aonline resource (765 seconds)
=490  0\$aBiology
=500  \\$aTitle from resource description page
=520  \\$aThe biosynthesis of cartilaginous extracellular matrix by chondrocytes can be affected by application of mechanical stimuli.  This method describes the technique of applying dynamic compressive strains to chondrocytes encapsulated in 3D constructs and the evaluation of induced changes in chondrocyte metabolism.
=521  \\$aFor undergraduate, graduate, and professional students
=546  \\$aEnglish
=650  \0$aBiology
=856  40$uhttps://www.jove.com/video/4229
=945  \\$aThe Whole World

