=LDR  00914ngm a2200000i 4500
=001  JoVEMedicine4272
=008  161201s2016\\\\xx\\\\\g\\\\\\s\\\\\eng\d
=035  \\$a(OCoLC)733445860
=040  \\$aVaAlASP$cVaAlASP
=100  1\$aWalter,Teagan J.
=245  12$a3-Dimensional Resin Casting and Imaging of Mouse Portal Vein or Intrahepatic Bile Duct System$h[electronic resource]
=260  \\$aCambridge, MA$bMyJoVE Corp$c2016
=300  \\$aonline resource (527 seconds)
=490  0\$aMedicine
=500  \\$aTitle from resource description page
=520  \\$aA method of visualizing and quantifying the 3-dimensional structure of mouse hepatic portal vein or intrahepatic bile duct is described. This resin cast technique can also be applied to other ductal or vascular systems and allows for in situ visualization or quantification of a system's intact communicating architecture.
=521  \\$aFor undergraduate, graduate, and professional students
=546  \\$aEnglish
=650  \0$aMedicine
=856  40$uhttps://www.jove.com/video/4272
=945  \\$aThe Whole World

