=LDR  00968ngm a2200000i 4500
=001  JoVEBiology4442
=008  161201s2016\\\\xx\\\\\g\\\\\\s\\\\\eng\d
=035  \\$a(OCoLC)733445860
=040  \\$aVaAlASP$cVaAlASP
=100  1\$aBrestovitsky,Anna
=245  12$aPreparation of Cell-lines for Conditional Knockdown of Gene Expression and Measurement of the Knockdown Effects on E4orf4-Induced Cell Death$h[electronic resource]
=260  \\$aCambridge, MA$bMyJoVE Corp$c2016
=300  \\$aonline resource (834 seconds)
=490  0\$aBiology
=500  \\$aTitle from resource description page
=520  \\$aContribution of the ACF chromatin remodeling factor to E4orf4-induced cell death was measured.  The protocol includes selection of cell clones in which doxycycline treatment induces conditional knockdown of the ACF subunits Acf1 and SNF2h, and use of the DAPI assay to measure E4orf4-induced cell death in the inducible cell lines.
=521  \\$aFor undergraduate, graduate, and professional students
=546  \\$aEnglish
=650  \0$aBiology
=856  40$uhttps://www.jove.com/video/4442
=945  \\$aThe Whole World

