=LDR  00971ngm a2200000i 4500
=001  JoVEMedicine50133
=008  161201s2016\\\\xx\\\\\g\\\\\\s\\\\\eng\d
=035  \\$a(OCoLC)733445860
=040  \\$aVaAlASP$cVaAlASP
=100  1\$aCarvalho,Brendan
=245  12$aCollecting And Measuring Wound Exudate Biochemical Mediators In Surgical Wounds$h[electronic resource]
=260  \\$aCambridge, MA$bMyJoVE Corp$c2016
=300  \\$aonline resource (298 seconds)
=490  0\$aMedicine
=500  \\$aTitle from resource description page
=520  \\$aThis article provides a detailed and visual description of a methodology for collecting and measuring biochemical inflammatory and nociceptive mediators at the surgical wound site following cesarean delivery. This human bioassay has been used to determine correlations between wound and serum cytokine concentrations and drug-mediated changes in wound cytokines, chemokines and neuropetides.
=521  \\$aFor undergraduate, graduate, and professional students
=546  \\$aEnglish
=650  \0$aMedicine
=856  40$uhttps://www.jove.com/video/50133
=945  \\$aThe Whole World

