=LDR  00708ngm a2200000i 4500
=001  JoVEBiology4378
=008  161201s2016\\\\xx\\\\\g\\\\\\s\\\\\eng\d
=035  \\$a(OCoLC)733445860
=040  \\$aVaAlASP$cVaAlASP
=100  1\$aHasan,Nazarul
=245  12$aAnalysis of SNARE-mediated Membrane Fusion Using an Enzymatic Cell Fusion Assay$h[electronic resource]
=260  \\$aCambridge, MA$bMyJoVE Corp$c2016
=300  \\$aonline resource (559 seconds)
=490  0\$aBiology
=500  \\$aTitle from resource description page
=520  \\$aWe have developed a cell fusion assay that quantifies SNARE-mediated membrane fusion events by activated expression of β-galactosidase.
=521  \\$aFor undergraduate, graduate, and professional students
=546  \\$aEnglish
=650  \0$aBiology
=856  40$uhttps://www.jove.com/video/4378
=945  \\$aThe Whole World

