=LDR  00946ngm a2200000i 4500
=001  JoVEBiology4298
=008  161201s2016\\\\xx\\\\\g\\\\\\s\\\\\eng\d
=035  \\$a(OCoLC)733445860
=040  \\$aVaAlASP$cVaAlASP
=100  1\$aMurfin,Kristen E.
=245  12$aVisualizing Bacteria in Nematodes using Fluorescent Microscopy$h[electronic resource]
=260  \\$aCambridge, MA$bMyJoVE Corp$c2016
=300  \\$aonline resource (542 seconds)
=490  0\$aBiology
=500  \\$aTitle from resource description page
=520  \\$aTo study the mutualism between Xenorhabdus bacteria and Steinernema nematodes, methods were developed to monitor bacterial presence and location within nematodes. The experimental approach, which can be applied to other systems, entails engineering bacteria to express the green fluorescent protein and visualizing, using fluorescence microscopy bacteria within the transparent nematode.
=521  \\$aFor undergraduate, graduate, and professional students
=546  \\$aEnglish
=650  \0$aBiology
=856  40$uhttps://www.jove.com/video/4298
=945  \\$aThe Whole World

