=LDR  00940ngm a2200000i 4500
=001  JoVEMedicine3852
=008  161201s2016\\\\xx\\\\\g\\\\\\s\\\\\eng\d
=035  \\$a(OCoLC)733445860
=040  \\$aVaAlASP$cVaAlASP
=100  1\$aInchiosa Jr.,Mario A.
=245  12$aRapid Point-of-Care Assay of Enoxaparin Anticoagulant Efficacy in Whole Blood$h[electronic resource]
=260  \\$aCambridge, MA$bMyJoVE Corp$c2016
=300  \\$aonline resource (678 seconds)
=490  0\$aMedicine
=500  \\$aTitle from resource description page
=520  \\$aDemonstration of a rapid quantitative assay of the inhibition of blood coagulation by the low-molecular-weight-heparin, enoxaparin.  The contribution of  enoxaparin is assessed by removing its influence through digestion with heparinase.  A fuller description of the assay is detailed in our published paper.1   The assay still requires clinical confirmation.
=521  \\$aFor undergraduate, graduate, and professional students
=546  \\$aEnglish
=650  \0$aMedicine
=856  40$uhttps://www.jove.com/video/3852
=945  \\$aThe Whole World

