=LDR  00797ngm a2200000i 4500
=001  JoVEBiology4254
=008  161201s2016\\\\xx\\\\\g\\\\\\s\\\\\eng\d
=035  \\$a(OCoLC)733445860
=040  \\$aVaAlASP$cVaAlASP
=100  1\$aFogel,Jennifer L.
=245  12$aUse of LysoTracker to Detect Programmed Cell Death in Embryos and Differentiating Embryonic Stem Cells$h[electronic resource]
=260  \\$aCambridge, MA$bMyJoVE Corp$c2016
=300  \\$aonline resource (764 seconds)
=490  0\$aBiology
=500  \\$aTitle from resource description page
=520  \\$aWe present a simple protocol to visualize regions of programmed cell death (PCD) in mouse embryos and differentiating embryonic stem (ES) cell cultures using a highly soluble dye called LysoTracker.
=521  \\$aFor undergraduate, graduate, and professional students
=546  \\$aEnglish
=650  \0$aBiology
=856  40$uhttps://www.jove.com/video/4254
=945  \\$aThe Whole World

