=LDR  00904ngm a2200000i 4500
=001  JoVEBiology4152
=008  161201s2016\\\\xx\\\\\g\\\\\\s\\\\\eng\d
=035  \\$a(OCoLC)733445860
=040  \\$aVaAlASP$cVaAlASP
=100  1\$aLin,Chun-Han
=245  12$aFabrication and Use of MicroEnvironment microArrays (MEArrays)$h[electronic resource]
=260  \\$aCambridge, MA$bMyJoVE Corp$c2016
=300  \\$aonline resource (717 seconds)
=490  0\$aBiology
=500  \\$aTitle from resource description page
=520  \\$aA combinatorial functional screening method for gaining insights into the impacts of the molecular composition of microenvironments on cellular functions is described. The method takes advantage of existing microarray-based technologies to generate arrays of defined combinatorial microenvironments that support cell adhesion and functional analysis.
=521  \\$aFor undergraduate, graduate, and professional students
=546  \\$aEnglish
=650  \0$aBiology
=856  40$uhttps://www.jove.com/video/4152
=945  \\$aThe Whole World

