=LDR  00985ngm a2200000i 4500
=001  JoVEMedicine4321
=008  161201s2016\\\\xx\\\\\g\\\\\\s\\\\\eng\d
=035  \\$a(OCoLC)733445860
=040  \\$aVaAlASP$cVaAlASP
=100  1\$aLi,Rongying
=245  12$aNeo-Islet Formation in Liver of Diabetic Mice by Helper-dependent Adenoviral Vector-Mediated Gene Transfer$h[electronic resource]
=260  \\$aCambridge, MA$bMyJoVE Corp$c2016
=300  \\$aonline resource (1019 seconds)
=490  0\$aMedicine
=500  \\$aTitle from resource description page
=520  \\$aWe describe hepatic neo-islet formation in STZ (streptozotocin)-induced diabetic mice by gene transfer of Neurogenin3 (Ngn3) and Betacellulin (Btc) using helper-dependent adenoviral vector (HDAd) and the reversal of hyperglycemia. Our method takes advantages of helper-dependent adenoviral vectors with their highly efficient in vivo transduction and the long lasting gene expression.
=521  \\$aFor undergraduate, graduate, and professional students
=546  \\$aEnglish
=650  \0$aMedicine
=856  40$uhttps://www.jove.com/video/4321
=945  \\$aThe Whole World

