=LDR  01023ngm a2200000i 4500
=001  JoVEMedicine3361
=008  161201s2016\\\\xx\\\\\g\\\\\\s\\\\\eng\d
=035  \\$a(OCoLC)733445860
=040  \\$aVaAlASP$cVaAlASP
=100  1\$aJia,Min
=245  12$aBiomarkers in an Animal Model for Revealing Neural, Hematologic, and Behavioral Correlates of PTSD$h[electronic resource]
=260  \\$aCambridge, MA$bMyJoVE Corp$c2016
=300  \\$aonline resource (509 seconds)
=490  0\$aMedicine
=500  \\$aTitle from resource description page
=520  \\$aWe describe a rat model of post traumatic stress disorder (PTSD) that reveals the persistent alterations in neuroendocrine function and the delayed long-term, exaggerated fear response, characteristic of PTSD patients. The animal model and methods described here are useful for correlating biomarkers in brain nuclei, which are mechanistic but cannot be measured in patients, with biomarkers in peripheral white blood cells, which can.
=521  \\$aFor undergraduate, graduate, and professional students
=546  \\$aEnglish
=650  \0$aMedicine
=856  40$uhttps://www.jove.com/video/3361
=945  \\$aThe Whole World

