=LDR  00945ngm a2200000i 4500
=001  JoVEBiology4073
=008  161201s2016\\\\xx\\\\\g\\\\\\s\\\\\eng\d
=035  \\$a(OCoLC)733445860
=040  \\$aVaAlASP$cVaAlASP
=100  1\$aRonander,Elena
=245  12$aAnalysis of Single-cell Gene Transcription by RNA Fluorescent In Situ Hybridization (FISH)$h[electronic resource]
=260  \\$aCambridge, MA$bMyJoVE Corp$c2016
=300  \\$aonline resource (824 seconds)
=490  0\$aBiology
=500  \\$aTitle from resource description page
=520  \\$aFluorescent in situ hybridization (FISH) to identify mRNA transcripts in individual cells allows analysis of polygenic activity such as the simultaneous transcription of more than one member of the var multigene family in Plasmodium falciparum infected erythrocytes 1. The technique is adaptable and can be used on different types of genes, cells and organisms.
=521  \\$aFor undergraduate, graduate, and professional students
=546  \\$aEnglish
=650  \0$aBiology
=856  40$uhttps://www.jove.com/video/4073
=945  \\$aThe Whole World

