=LDR  00940ngm a2200000i 4500
=001  JoVEBiology4441
=008  161201s2016\\\\xx\\\\\g\\\\\\s\\\\\eng\d
=035  \\$a(OCoLC)733445860
=040  \\$aVaAlASP$cVaAlASP
=100  1\$aLi,Yujing
=245  12$aSelective Capture of 5-hydroxymethylcytosine from Genomic DNA$h[electronic resource]
=260  \\$aCambridge, MA$bMyJoVE Corp$c2016
=300  \\$aonline resource (386 seconds)
=490  0\$aBiology
=500  \\$aTitle from resource description page
=520  \\$aDescribed is a two-step labeling process using β-glucosyltransferase (β-GT) to transfer an azide-glucose to 5-hmC, followed by click chemistry to transfer a biotin linker for easy and density-independent enrichment. This efficient and specific labeling method enables enrichment of 5-hmC with extremely low background and high-throughput epigenomic mapping via next-generation sequencing.
=521  \\$aFor undergraduate, graduate, and professional students
=546  \\$aEnglish
=650  \0$aBiology
=856  40$uhttps://www.jove.com/video/4441
=945  \\$aThe Whole World

