=LDR  00915ngm a2200000i 4500
=001  JoVEBiology4291
=008  161201s2016\\\\xx\\\\\g\\\\\\s\\\\\eng\d
=035  \\$a(OCoLC)733445860
=040  \\$aVaAlASP$cVaAlASP
=100  1\$aAsciolla,James J.
=245  12$aExamining BCL-2 Family Function with Large Unilamellar Vesicles$h[electronic resource]
=260  \\$aCambridge, MA$bMyJoVE Corp$c2016
=300  \\$aonline resource (515 seconds)
=490  0\$aBiology
=500  \\$aTitle from resource description page
=520  \\$aBiochemically-defined large unilamellar vesicles (LUVs) are a convenient model system to analyze BCL-2 family interactions with immediate implications in better understanding the mitochondrial pathway of apoptosis. A method to produce LUVs, along with standard BCL-2 family protein combinations and controls to examine LUV permeabilization, are presented.
=521  \\$aFor undergraduate, graduate, and professional students
=546  \\$aEnglish
=650  \0$aBiology
=856  40$uhttps://www.jove.com/video/4291
=945  \\$aThe Whole World

