=LDR  00849ngm a2200000i 4500
=001  JoVEBiology4214
=008  161201s2016\\\\xx\\\\\g\\\\\\s\\\\\eng\d
=035  \\$a(OCoLC)733445860
=040  \\$aVaAlASP$cVaAlASP
=100  1\$aGrønlund,Jesper T.
=245  12$aCell Specific Analysis of Arabidopsis Leaves Using Fluorescence Activated Cell Sorting$h[electronic resource]
=260  \\$aCambridge, MA$bMyJoVE Corp$c2016
=300  \\$aonline resource (685 seconds)
=490  0\$aBiology
=500  \\$aTitle from resource description page
=520  \\$aA method for producing Arabidopsis leaf protoplasts that are compatible with fluorescence activated cell sorting (FACS), allowing for studies of specific cell populations. This method is compatible with any Arabidopsis line that expresses GFP in a subset of cells.
=521  \\$aFor undergraduate, graduate, and professional students
=546  \\$aEnglish
=650  \0$aBiology
=856  40$uhttps://www.jove.com/video/4214
=945  \\$aThe Whole World

