=LDR  00950ngm a2200000i 4500
=001  JoVEBiology4167
=008  161201s2016\\\\xx\\\\\g\\\\\\s\\\\\eng\d
=035  \\$a(OCoLC)733445860
=040  \\$aVaAlASP$cVaAlASP
=100  1\$aAnders,Catherine B.
=245  12$aTangential Flow Ultrafiltration: A  “Green” Method for the Size Selection and Concentration of Colloidal Silver Nanoparticles$h[electronic resource]
=260  \\$aCambridge, MA$bMyJoVE Corp$c2016
=300  \\$aonline resource (767 seconds)
=490  0\$aBiology
=500  \\$aTitle from resource description page
=520  \\$aTangential flow ultrafiltration (TFU) is a recirculation method used for the weight-based separation of biosamples. TFU was adapted to size-select (1-20 nm diameter) and highly concentrate a large volume of polydisperse silver nanoparticles (4 L of 15.2 μg ml-1 down to 4 ml of 8,539.9 μg ml-1) with minimal aggregation.
=521  \\$aFor undergraduate, graduate, and professional students
=546  \\$aEnglish
=650  \0$aBiology
=856  40$uhttps://www.jove.com/video/4167
=945  \\$aThe Whole World

