=LDR  00992ngm a2200000i 4500
=001  JoVEMedicine4228
=008  161201s2016\\\\xx\\\\\g\\\\\\s\\\\\eng\d
=035  \\$a(OCoLC)733445860
=040  \\$aVaAlASP$cVaAlASP
=100  1\$aBurbulla,Lena F.
=245  12$aThe Use of Primary Human Fibroblasts for Monitoring Mitochondrial Phenotypes in the Field of Parkinson's Disease$h[electronic resource]
=260  \\$aCambridge, MA$bMyJoVE Corp$c2016
=300  \\$aonline resource (909 seconds)
=490  0\$aMedicine
=500  \\$aTitle from resource description page
=520  \\$aFibroblasts from patients carrying mutations in Parkinson's disease-causing genes represent an easily accessible ex vivo model to study disease-associated phenotypes. Live cell imaging gives the opportunity to study morphological and functional parameters in living cells. Here we describe the preparation of human fibroblasts and subsequent monitoring of mitochondrial phenotypes.
=521  \\$aFor undergraduate, graduate, and professional students
=546  \\$aEnglish
=650  \0$aMedicine
=856  40$uhttps://www.jove.com/video/4228
=945  \\$aThe Whole World

