=LDR  00866ngm a2200000i 4500
=001  JoVEMedicine3788
=008  161201s2016\\\\xx\\\\\g\\\\\\s\\\\\eng\d
=035  \\$a(OCoLC)733445860
=040  \\$aVaAlASP$cVaAlASP
=100  1\$aXiao,Xiangzhu
=245  12$aIsolation of Soluble and Insoluble PrP Oligomers in the Normal Human Brain$h[electronic resource]
=260  \\$aCambridge, MA$bMyJoVE Corp$c2016
=300  \\$aonline resource (689 seconds)
=490  0\$aMedicine
=500  \\$aTitle from resource description page
=520  \\$aA new species of cellular prion protein (PrPC) has recently been identified in uninfected human brains using the methods described here. These methods can be used to isolate various PrP species, while some of them are also useful in isolating other misfolded protein aggregates from human brains.
=521  \\$aFor undergraduate, graduate, and professional students
=546  \\$aEnglish
=650  \0$aMedicine
=856  40$uhttps://www.jove.com/video/3788
=945  \\$aThe Whole World

