=LDR  00741ngm a2200000i 4500
=001  JoVEBiology3851
=008  161201s2016\\\\xx\\\\\g\\\\\\s\\\\\eng\d
=035  \\$a(OCoLC)733445860
=040  \\$aVaAlASP$cVaAlASP
=100  1\$aDahm,Garrett M.
=245  12$aMethod for the Isolation and Identification of mRNAs, microRNAs and Protein Components of Ribonucleoprotein Complexes from Cell Extracts using RIP-Chip$h[electronic resource]
=260  \\$aCambridge, MA$bMyJoVE Corp$c2016
=300  \\$aonline resource (814 seconds)
=490  0\$aBiology
=500  \\$aTitle from resource description page
=520  \\$aA step by step protocol to isolating and identifying RNA associated complexes through RIP-Chip.
=521  \\$aFor undergraduate, graduate, and professional students
=546  \\$aEnglish
=650  \0$aBiology
=856  40$uhttps://www.jove.com/video/3851
=945  \\$aThe Whole World

