=LDR  00938ngm a2200000i 4500
=001  JoVEBiology4350
=008  161201s2016\\\\xx\\\\\g\\\\\\s\\\\\eng\d
=035  \\$a(OCoLC)733445860
=040  \\$aVaAlASP$cVaAlASP
=100  1\$aLombardo,Verónica A.
=245  12$aCell Tracking Using Photoconvertible Proteins During Zebrafish Development$h[electronic resource]
=260  \\$aCambridge, MA$bMyJoVE Corp$c2016
=300  \\$aonline resource (439 seconds)
=490  0\$aBiology
=500  \\$aTitle from resource description page
=520  \\$aHere, we present a method for the photoactivated switch of photoconvertible fluorescent proteins (PCFPs) in the living zebrafish embryo and further tracking of photoconverted protein at specific time points during development. This methodology allows monitoring of cell biological events underlying different developmental processes in a live vertebrate organism.
=521  \\$aFor undergraduate, graduate, and professional students
=546  \\$aEnglish
=650  \0$aBiology
=856  40$uhttps://www.jove.com/video/4350
=945  \\$aThe Whole World

