=LDR  00743ngm a2200000i 4500
=001  JoVEBiology4251
=008  161201s2016\\\\xx\\\\\g\\\\\\s\\\\\eng\d
=035  \\$a(OCoLC)733445860
=040  \\$aVaAlASP$cVaAlASP
=100  1\$aBeckta,Jason M.
=245  12$aTwo- and Three-Dimensional Live Cell Imaging of DNA Damage Response Proteins$h[electronic resource]
=260  \\$aCambridge, MA$bMyJoVE Corp$c2016
=300  \\$aonline resource (624 seconds)
=490  0\$aBiology
=500  \\$aTitle from resource description page
=520  \\$aThis protocol describes a method for visualizing a DNA double-strand break signaling protein activated in response to DNA damage as well as its localization during mitosis.
=521  \\$aFor undergraduate, graduate, and professional students
=546  \\$aEnglish
=650  \0$aBiology
=856  40$uhttps://www.jove.com/video/4251
=945  \\$aThe Whole World

