=LDR  00932ngm a2200000i 4500
=001  JoVEBiology4234
=008  161201s2016\\\\xx\\\\\g\\\\\\s\\\\\eng\d
=035  \\$a(OCoLC)733445860
=040  \\$aVaAlASP$cVaAlASP
=100  1\$aRamanathan,Chidambaram
=245  12$aMonitoring Cell-autonomous Circadian Clock Rhythms of Gene Expression Using Luciferase Bioluminescence Reporters$h[electronic resource]
=260  \\$aCambridge, MA$bMyJoVE Corp$c2016
=300  \\$aonline resource (638 seconds)
=490  0\$aBiology
=500  \\$aTitle from resource description page
=520  \\$aCircadian clocks function within individual cells, i.e., they are cell-autonomous. Here, we describe methods for generating cell-autonomous clock models using non-invasive, luciferase-based real-time bioluminescence technology. Reporter cells provide tractable, functional model systems for studying circadian biology.
=521  \\$aFor undergraduate, graduate, and professional students
=546  \\$aEnglish
=650  \0$aBiology
=856  40$uhttps://www.jove.com/video/4234
=945  \\$aThe Whole World

