=LDR  00809ngm a2200000i 4500
=001  JoVEBiology2771
=008  161201s2016\\\\xx\\\\\g\\\\\\s\\\\\eng\d
=035  \\$a(OCoLC)733445860
=040  \\$aVaAlASP$cVaAlASP
=100  1\$aMachholz,Elton
=245  12$aManual Restraint and Common Compound Administration Routes in Mice and Rats$h[electronic resource]
=260  \\$aCambridge, MA$bMyJoVE Corp$c2016
=300  \\$aonline resource (850 seconds)
=490  0\$aBiology
=500  \\$aTitle from resource description page
=520  \\$aWorking safely and humanely with research rodents requires a core competency in handling and restraint methods.  This article will present the basic principles required to safely handle and effectively administer compounds to mice and rats.
=521  \\$aFor undergraduate, graduate, and professional students
=546  \\$aEnglish
=650  \0$aBiology
=856  40$uhttps://www.jove.com/video/2771
=945  \\$aThe Whole World

