=LDR  01031ngm a2200000i 4500
=001  JoVEMedicine4111
=008  161201s2016\\\\xx\\\\\g\\\\\\s\\\\\eng\d
=035  \\$a(OCoLC)733445860
=040  \\$aVaAlASP$cVaAlASP
=100  1\$aVenugopal,Chitra
=245  12$aProcessing of Primary Brain Tumor Tissue for Stem Cell Assays and Flow Sorting$h[electronic resource]
=260  \\$aCambridge, MA$bMyJoVE Corp$c2016
=300  \\$aonline resource (494 seconds)
=490  0\$aMedicine
=500  \\$aTitle from resource description page
=520  \\$aThe identification of brain tumor initiating cells (BTICs), the rare cells within a heterogeneous tumor possessing stem cell properties, provides new insights into human brain tumor pathogenesis. We have refined specific culture conditions to enrich for BTICs, and we routinely use flow cytometry to further enrich these populations. Self-renewal assays and transcript analysis by single cell RT-PCR can subsequently be performed on these isolated cells.
=521  \\$aFor undergraduate, graduate, and professional students
=546  \\$aEnglish
=650  \0$aMedicine
=856  40$uhttps://www.jove.com/video/4111
=945  \\$aThe Whole World

