=LDR  00897ngm a2200000i 4500
=001  JoVEMedicine4089
=008  161201s2016\\\\xx\\\\\g\\\\\\s\\\\\eng\d
=035  \\$a(OCoLC)733445860
=040  \\$aVaAlASP$cVaAlASP
=100  1\$aBaumann,Brian C.
=245  12$aStereotactic Intracranial Implantation and In vivo Bioluminescent Imaging of Tumor Xenografts in a Mouse Model System of Glioblastoma Multiforme$h[electronic resource]
=260  \\$aCambridge, MA$bMyJoVE Corp$c2016
=300  \\$aonline resource (652 seconds)
=490  0\$aMedicine
=500  \\$aTitle from resource description page
=520  \\$aWe describe an integrated method for the precise, stereotactic implantation of human glioblastoma multiforme cells into the brains of nude mice and subsequent serial in vivo imaging to monitor growth and response to treatment of the resultant xenografts.
=521  \\$aFor undergraduate, graduate, and professional students
=546  \\$aEnglish
=650  \0$aMedicine
=856  40$uhttps://www.jove.com/video/4089
=945  \\$aThe Whole World

