=LDR  01074ngm a2200000i 4500
=001  JoVEBiology4083
=008  161201s2016\\\\xx\\\\\g\\\\\\s\\\\\eng\d
=035  \\$a(OCoLC)733445860
=040  \\$aVaAlASP$cVaAlASP
=100  1\$aSchmollinger,Stefan
=245  12$aA Protocol for the Identification of Protein-protein Interactions Based on 15N Metabolic Labeling, Immunoprecipitation, Quantitative Mass Spectrometry and Affinity Modulation$h[electronic resource]
=260  \\$aCambridge, MA$bMyJoVE Corp$c2016
=300  \\$aonline resource (884 seconds)
=490  0\$aBiology
=500  \\$aTitle from resource description page
=520  \\$aWe present a variation of the QUICK (QUantitative Immunoprecipitation Combined with Knockdown) approach that was introduced previously to distinguish between true and false protein-protein interactions. Our approach is based on 15N metabolic labeling, the modulation of affinities of protein-protein interactions by the presence/absence of ATP, immunoprecipitation, and quantitative mass spectrometry.
=521  \\$aFor undergraduate, graduate, and professional students
=546  \\$aEnglish
=650  \0$aBiology
=856  40$uhttps://www.jove.com/video/4083
=945  \\$aThe Whole World

