=LDR  00695ngm a2200000i 4500
=001  JoVEBiology3844
=008  161201s2016\\\\xx\\\\\g\\\\\\s\\\\\eng\d
=035  \\$a(OCoLC)733445860
=040  \\$aVaAlASP$cVaAlASP
=100  1\$aChum,Pak Y.
=245  12$aGenotyping of Plant and Animal Samples without Prior DNA Purification$h[electronic resource]
=260  \\$aCambridge, MA$bMyJoVE Corp$c2016
=300  \\$aonline resource (660 seconds)
=490  0\$aBiology
=500  \\$aTitle from resource description page
=520  \\$aThe Direct PCR approach presented here facilitates PCR amplification directly from small amounts of unpurified plant and animal tissue.
=521  \\$aFor undergraduate, graduate, and professional students
=546  \\$aEnglish
=650  \0$aBiology
=856  40$uhttps://www.jove.com/video/3844
=945  \\$aThe Whole World

