=LDR  00964ngm a2200000i 4500
=001  JoVEMedicine4289
=008  161201s2016\\\\xx\\\\\g\\\\\\s\\\\\eng\d
=035  \\$a(OCoLC)733445860
=040  \\$aVaAlASP$cVaAlASP
=100  1\$aKrafft,Paul R.
=245  12$aModeling Intracerebral Hemorrhage in Mice: Injection of Autologous Blood or Bacterial Collagenase $h[electronic resource]
=260  \\$aCambridge, MA$bMyJoVE Corp$c2016
=300  \\$aonline resource (644 seconds)
=490  0\$aMedicine
=500  \\$aTitle from resource description page
=520  \\$aClinically relevant animal models of intracerebral hemorrhage (ICH) are needed to extend our knowledge of hemorrhagic stroke and to examine novel therapeutic strategies. In this study, we describe and evaluate two ICH models that implement unilateral injections of either autologous whole blood or bacterial collagenase into the basal ganglia (corpus striatum) of mice.
=521  \\$aFor undergraduate, graduate, and professional students
=546  \\$aEnglish
=650  \0$aMedicine
=856  40$uhttps://www.jove.com/video/4289
=945  \\$aThe Whole World

