=LDR  00944ngm a2200000i 4500
=001  JoVEBiology4197
=008  161201s2016\\\\xx\\\\\g\\\\\\s\\\\\eng\d
=035  \\$a(OCoLC)733445860
=040  \\$aVaAlASP$cVaAlASP
=100  1\$aZapanta Rinonos,Serendipity
=245  12$aFlow Cytometry-based Purification of S. cerevisiae Zygotes$h[electronic resource]
=260  \\$aCambridge, MA$bMyJoVE Corp$c2016
=300  \\$aonline resource (909 seconds)
=490  0\$aBiology
=500  \\$aTitle from resource description page
=520  \\$aTo purify zygotes of S. cerevisiae, haploid cells of opposite mating type were engineered to express red or green fluorescent proteins, co-incubated to allow zygote formation, and fractionated using a flow cytometry-based protocol. The highly-enriched fraction enables subsequent "-omic" studies, recovery of initial progeny, and systematic investigation of zygote morphogenesis.
=521  \\$aFor undergraduate, graduate, and professional students
=546  \\$aEnglish
=650  \0$aBiology
=856  40$uhttps://www.jove.com/video/4197
=945  \\$aThe Whole World

