=LDR  00951ngm a2200000i 4500
=001  JoVEBiology3928
=008  161201s2016\\\\xx\\\\\g\\\\\\s\\\\\eng\d
=035  \\$a(OCoLC)733445860
=040  \\$aVaAlASP$cVaAlASP
=100  1\$aCohen,Miriam
=245  12$aUsing Unfixed, Frozen Tissues to Study Natural Mucin Distribution$h[electronic resource]
=260  \\$aCambridge, MA$bMyJoVE Corp$c2016
=300  \\$aonline resource (699 seconds)
=490  0\$aBiology
=500  \\$aTitle from resource description page
=520  \\$aUnfixed frozen tissue samples embedded in Optimal Cutting Temperature medium (OCT) can be used to study natural distribution and glycosylation of secreted mucus. In this approach tissue processing is minimal and the natural presentation of glycolipids, mucins and glycan-epitopes is preserved. Tissue sections can be analyzed by immunohistochemistry using fluorescence or chromogenic detection.
=521  \\$aFor undergraduate, graduate, and professional students
=546  \\$aEnglish
=650  \0$aBiology
=856  40$uhttps://www.jove.com/video/3928
=945  \\$aThe Whole World

