=LDR  00997ngm a2200000i 4500
=001  JoVEMedicine4427
=008  161201s2016\\\\xx\\\\\g\\\\\\s\\\\\eng\d
=035  \\$a(OCoLC)733445860
=040  \\$aVaAlASP$cVaAlASP
=100  1\$aHamel,Johanna
=245  12$aDriving Simulation in the Clinic: Testing Visual Exploratory Behavior in Daily Life Activities in Patients with Visual Field Defects$h[electronic resource]
=260  \\$aCambridge, MA$bMyJoVE Corp$c2016
=300  \\$aonline resource (672 seconds)
=490  0\$aMedicine
=500  \\$aTitle from resource description page
=520  \\$aPatients with visual deficits after stroke report about different constraints in daily life most likely due to variable compensatory strategies, which are difficult to differentiate in clinical routine. We present a clinical set-up which allows measurement of different compensatory head- and eye-movement-strategies and evaluating their effects on driving performance.
=521  \\$aFor undergraduate, graduate, and professional students
=546  \\$aEnglish
=650  \0$aMedicine
=856  40$uhttps://www.jove.com/video/4427
=945  \\$aThe Whole World

