=LDR  00661ngm a2200000i 4500
=001  JoVEMedicine3524
=008  161201s2016\\\\xx\\\\\g\\\\\\s\\\\\eng\d
=035  \\$a(OCoLC)733445860
=040  \\$aVaAlASP$cVaAlASP
=100  1\$aTan,Ou
=245  12$aDoppler Optical Coherence Tomography of Retinal Circulation$h[electronic resource]
=260  \\$aCambridge, MA$bMyJoVE Corp$c2016
=300  \\$aonline resource (646 seconds)
=490  0\$aMedicine
=500  \\$aTitle from resource description page
=520  \\$aTotal retinal blood flow is measured by Doppler optical coherence tomography and semi-automated grading software.
=521  \\$aFor undergraduate, graduate, and professional students
=546  \\$aEnglish
=650  \0$aMedicine
=856  40$uhttps://www.jove.com/video/3524
=945  \\$aThe Whole World

