=LDR  00940ngm a2200000i 4500
=001  JoVEBiology4239
=008  161201s2016\\\\xx\\\\\g\\\\\\s\\\\\eng\d
=035  \\$a(OCoLC)733445860
=040  \\$aVaAlASP$cVaAlASP
=100  1\$aSchnerch,Dominik
=245  12$aStudying Proteolysis of Cyclin B at the Single Cell Level in Whole Cell Populations$h[electronic resource]
=260  \\$aCambridge, MA$bMyJoVE Corp$c2016
=300  \\$aonline resource (654 seconds)
=490  0\$aBiology
=500  \\$aTitle from resource description page
=520  \\$aMetaphase to anaphase transition is triggered through anaphase-promoting complex (APC/C)-dependent ubiquitination and subsequent destruction of cyclin B. Here, we established a system which, following pulse-chase labeling, allows monitoring cyclin B proteolysis in entire cell populations and facilitates the detection of interference by the mitotic checkpoint.
=521  \\$aFor undergraduate, graduate, and professional students
=546  \\$aEnglish
=650  \0$aBiology
=856  40$uhttps://www.jove.com/video/4239
=945  \\$aThe Whole World

