=LDR  00973ngm a2200000i 4500
=001  JoVEBiology4389
=008  161201s2016\\\\xx\\\\\g\\\\\\s\\\\\eng\d
=035  \\$a(OCoLC)733445860
=040  \\$aVaAlASP$cVaAlASP
=100  1\$aMcLean,Ashleigh C.
=245  12$aPerforming Vaginal Lavage, Crystal Violet Staining, and Vaginal Cytological Evaluation for Mouse Estrous Cycle Staging Identification$h[electronic resource]
=260  \\$aCambridge, MA$bMyJoVE Corp$c2016
=300  \\$aonline resource (541 seconds)
=490  0\$aBiology
=500  \\$aTitle from resource description page
=520  \\$aHere, we describe how to identify the stage of the murine reproductive (proestrus, estrus, metestrus, or diestrus) by simple, non-invasive collection and cytological assessment of vaginal smear samples.  We further describe how vaginal cytology reflects circulating hormonal levels underlying transition through the murine reproductive cycle.
=521  \\$aFor undergraduate, graduate, and professional students
=546  \\$aEnglish
=650  \0$aBiology
=856  40$uhttps://www.jove.com/video/4389
=945  \\$aThe Whole World

