=LDR  00969ngm a2200000i 4500
=001  JoVEBiology4263
=008  161201s2016\\\\xx\\\\\g\\\\\\s\\\\\eng\d
=035  \\$a(OCoLC)733445860
=040  \\$aVaAlASP$cVaAlASP
=100  1\$aBrueggemann,Lioubov I.
=245  12$aExploring Arterial Smooth Muscle Kv7 Potassium Channel Function using Patch Clamp Electrophysiology and Pressure Myography$h[electronic resource]
=260  \\$aCambridge, MA$bMyJoVE Corp$c2016
=300  \\$aonline resource (662 seconds)
=490  0\$aBiology
=500  \\$aTitle from resource description page
=520  \\$aMeasurements of Kv7 (KCNQ) potassium channel activity in isolated arterial myocytes (using patch clamp electrophysiological techniques) in parallel with measurements of constrictor/dilator responses (using pressure myography) can reveal important information about the roles of Kv7 channels in vascular smooth muscle physiology and pharmacology.
=521  \\$aFor undergraduate, graduate, and professional students
=546  \\$aEnglish
=650  \0$aBiology
=856  40$uhttps://www.jove.com/video/4263
=945  \\$aThe Whole World

