=LDR  00823ngm a2200000i 4500
=001  JoVEBiology3731
=008  161201s2016\\\\xx\\\\\g\\\\\\s\\\\\eng\d
=035  \\$a(OCoLC)733445860
=040  \\$aVaAlASP$cVaAlASP
=100  1\$aHegab,Ahmed E.
=245  12$aIsolation of Basal Cells and Submucosal Gland Duct Cells from Mouse Trachea$h[electronic resource]
=260  \\$aCambridge, MA$bMyJoVE Corp$c2016
=300  \\$aonline resource (712 seconds)
=490  0\$aBiology
=500  \\$aTitle from resource description page
=520  \\$aHere we demonstrate our protocol for isolation of basal and submucosal gland duct cells from mouse tracheas. We also demonstrate the method of injecting stem cells into the dorsal mouse fat pad to create an in vivo model of submucosal gland regeneration.
=521  \\$aFor undergraduate, graduate, and professional students
=546  \\$aEnglish
=650  \0$aBiology
=856  40$uhttps://www.jove.com/video/3731
=945  \\$aThe Whole World

