=LDR  00962ngm a2200000i 4500
=001  JoVEBiology3985
=008  161201s2016\\\\xx\\\\\g\\\\\\s\\\\\eng\d
=035  \\$a(OCoLC)733445860
=040  \\$aVaAlASP$cVaAlASP
=100  1\$aAndoh,Jamila
=245  12$aMapping the After-effects of Theta Burst Stimulation on the Human Auditory Cortex with Functional Imaging$h[electronic resource]
=260  \\$aCambridge, MA$bMyJoVE Corp$c2016
=300  \\$aonline resource (609 seconds)
=490  0\$aBiology
=500  \\$aTitle from resource description page
=520  \\$aAuditory processing is the basis of speech and music-related processing. Transcranial Magnetic Stimulation (TMS) has been used successfully to study cognitive, sensory and motor systems but has rarely been applied to audition. Here we investigated TMS combined with functional Magnetic Resonance Imaging to understand the functional organization of auditory cortex.
=521  \\$aFor undergraduate, graduate, and professional students
=546  \\$aEnglish
=650  \0$aBiology
=856  40$uhttps://www.jove.com/video/3985
=945  \\$aThe Whole World

