=LDR  00914ngm a2200000i 4500
=001  JoVEMedicine4100
=008  161201s2016\\\\xx\\\\\g\\\\\\s\\\\\eng\d
=035  \\$a(OCoLC)733445860
=040  \\$aVaAlASP$cVaAlASP
=100  1\$aThaker,Ameet I.
=245  12$aModeling Colitis-Associated Cancer with Azoxymethane (AOM) and Dextran Sulfate Sodium (DSS)$h[electronic resource]
=260  \\$aCambridge, MA$bMyJoVE Corp$c2016
=300  \\$aonline resource (757 seconds)
=490  0\$aMedicine
=500  \\$aTitle from resource description page
=520  \\$aWe demonstrate a protocol in which administration of the genotoxic agent azoxymethane (AOM) followed by three cycles of the pro-inflammatory agent dextran sulfate sodium (DSS) rapidly and consistently generates colon tumors in mice with morphologic and molecular similarities to those seen in human colitis-associated cancer.
=521  \\$aFor undergraduate, graduate, and professional students
=546  \\$aEnglish
=650  \0$aMedicine
=856  40$uhttps://www.jove.com/video/4100
=945  \\$aThe Whole World

