=LDR  01007ngm a2200000i 4500
=001  JoVEMedicine4086
=008  161201s2016\\\\xx\\\\\g\\\\\\s\\\\\eng\d
=035  \\$a(OCoLC)733445860
=040  \\$aVaAlASP$cVaAlASP
=100  1\$aVilz,Tim O.
=245  12$aFunctional Assessment of Intestinal Motility and Gut Wall Inflammation in Rodents: Analyses in a Standardized Model of Intestinal Manipulation$h[electronic resource]
=260  \\$aCambridge, MA$bMyJoVE Corp$c2016
=300  \\$aonline resource (584 seconds)
=490  0\$aMedicine
=500  \\$aTitle from resource description page
=520  \\$aPostoperative ileus (POI) is a complication of abdominal surgery leading to increased morbidity and a prolonged hospital stay. Because prophylactic or therapeutic strategies are lacking intensified research is necessary. Therefore we established a standardized and feasible mouse model to investigate the pathophysiology of POI and to study potential therapeutic options.
=521  \\$aFor undergraduate, graduate, and professional students
=546  \\$aEnglish
=650  \0$aMedicine
=856  40$uhttps://www.jove.com/video/4086
=945  \\$aThe Whole World

