=LDR  00764ngm a2200000i 4500
=001  JoVEBiology4230
=008  161201s2016\\\\xx\\\\\g\\\\\\s\\\\\eng\d
=035  \\$a(OCoLC)733445860
=040  \\$aVaAlASP$cVaAlASP
=100  1\$aNecula,Andra
=245  12$aExtraction of Tissue Antigens for Functional Assays$h[electronic resource]
=260  \\$aCambridge, MA$bMyJoVE Corp$c2016
=300  \\$aonline resource (512 seconds)
=490  0\$aBiology
=500  \\$aTitle from resource description page
=520  \\$aA simple protocol for preparing extracts of human tissue to be used as a source of antigens in functional T-cell assays is described. This method allows T-cell responses to tissue-derived antigens to be measured in vitro.
=521  \\$aFor undergraduate, graduate, and professional students
=546  \\$aEnglish
=650  \0$aBiology
=856  40$uhttps://www.jove.com/video/4230
=945  \\$aThe Whole World

