=LDR  00969ngm a2200000i 4500
=001  JoVEBiology4135
=008  161201s2016\\\\xx\\\\\g\\\\\\s\\\\\eng\d
=035  \\$a(OCoLC)733445860
=040  \\$aVaAlASP$cVaAlASP
=100  1\$aDoss,Jereme
=245  12$aProcedure for Fabricating Biofunctional Nanofibers$h[electronic resource]
=260  \\$aCambridge, MA$bMyJoVE Corp$c2016
=300  \\$aonline resource (579 seconds)
=490  0\$aBiology
=500  \\$aTitle from resource description page
=520  \\$aAn efficient approach for preparing nanofibers decorated with functional groups capable of specifically interacting with proteins is described. The approach first requires the preparation of a polymer functionalized with the appropriate functional group. The functional polymer is fabricated into nanofibers by electrospinning. The effectiveness of the binding of the nanofibers with a protein is studied by confocal microscopy.
=521  \\$aFor undergraduate, graduate, and professional students
=546  \\$aEnglish
=650  \0$aBiology
=856  40$uhttps://www.jove.com/video/4135
=945  \\$aThe Whole World

