=LDR  00866ngm a2200000i 4500
=001  JoVEBiology4277
=008  161201s2016\\\\xx\\\\\g\\\\\\s\\\\\eng\d
=035  \\$a(OCoLC)733445860
=040  \\$aVaAlASP$cVaAlASP
=100  1\$aZoephel,Judith
=245  12$aSubstrate Generation for Endonucleases of CRISPR/Cas Systems$h[electronic resource]
=260  \\$aCambridge, MA$bMyJoVE Corp$c2016
=300  \\$aonline resource (713 seconds)
=490  0\$aBiology
=500  \\$aTitle from resource description page
=520  \\$aCRISPR/Cas systems mediate adaptive immunity in Bacteria and Archaea. Many Cas proteins are proposed to act as endoribonucleases acting on crRNA precursors of varying length. Here we illustrate three different approaches to generate pre-crRNA substrates for the biochemical analysis of Cas endonuclease activity.
=521  \\$aFor undergraduate, graduate, and professional students
=546  \\$aEnglish
=650  \0$aBiology
=856  40$uhttps://www.jove.com/video/4277
=945  \\$aThe Whole World

