=LDR  00794ngm a2200000i 4500
=001  JoVEBiology4137
=008  161201s2016\\\\xx\\\\\g\\\\\\s\\\\\eng\d
=035  \\$a(OCoLC)733445860
=040  \\$aVaAlASP$cVaAlASP
=100  1\$aStull,Natalie D.
=245  12$aMouse Islet of Langerhans Isolation using a Combination of Purified Collagenase and Neutral Protease$h[electronic resource]
=260  \\$aCambridge, MA$bMyJoVE Corp$c2016
=300  \\$aonline resource (419 seconds)
=490  0\$aBiology
=500  \\$aTitle from resource description page
=520  \\$aA detailed description of mouse islet isolation is described using the technique of in situ pancreatic ductal cannulation and perfusion of a combination of purified collagenase and neutral protease.
=521  \\$aFor undergraduate, graduate, and professional students
=546  \\$aEnglish
=650  \0$aBiology
=856  40$uhttps://www.jove.com/video/4137
=945  \\$aThe Whole World

