=LDR  00996ngm a2200000i 4500
=001  JoVEBiology4131
=008  161201s2016\\\\xx\\\\\g\\\\\\s\\\\\eng\d
=035  \\$a(OCoLC)733445860
=040  \\$aVaAlASP$cVaAlASP
=100  1\$aMarcu,Raluca
=245  12$aMulti-parameter Measurement of the Permeability Transition Pore Opening in Isolated Mouse Heart Mitochondria$h[electronic resource]
=260  \\$aCambridge, MA$bMyJoVE Corp$c2016
=300  \\$aonline resource (822 seconds)
=490  0\$aBiology
=500  \\$aTitle from resource description page
=520  \\$aA spectrofluorometric protocol for the measurement of the mitochondrial permeability transition pore opening in isolated mouse heart mitochondria is presented here. The assay involves the simultaneous measurement of mitochondria Ca2+ handling, mitochondrial membrane potential and mitochondrial volume. The procedure for obtaining high-quality and functional heart mitochondria is also described.
=521  \\$aFor undergraduate, graduate, and professional students
=546  \\$aEnglish
=650  \0$aBiology
=856  40$uhttps://www.jove.com/video/4131
=945  \\$aThe Whole World

