=LDR  00792ngm a2200000i 4500
=001  JoVEMedicine4260
=008  161201s2016\\\\xx\\\\\g\\\\\\s\\\\\eng\d
=035  \\$a(OCoLC)733445860
=040  \\$aVaAlASP$cVaAlASP
=100  1\$aCampbell,J. Preston
=245  12$aModels of Bone Metastasis$h[electronic resource]
=260  \\$aCambridge, MA$bMyJoVE Corp$c2016
=300  \\$aonline resource (529 seconds)
=490  0\$aMedicine
=500  \\$aTitle from resource description page
=520  \\$aAnimal models are frequently utilized to study cancer metastasis to bone.  In this protocol we will describe two common methods of tumor inoculation for bone metastasis studies and briefly describe some of the analyses utilized to monitor and quantify these models.
=521  \\$aFor undergraduate, graduate, and professional students
=546  \\$aEnglish
=650  \0$aMedicine
=856  40$uhttps://www.jove.com/video/4260
=945  \\$aThe Whole World

