=LDR  00983ngm a2200000i 4500
=001  JoVEMedicine4030
=008  161201s2016\\\\xx\\\\\g\\\\\\s\\\\\eng\d
=035  \\$a(OCoLC)733445860
=040  \\$aVaAlASP$cVaAlASP
=100  1\$aBarham,Whitney
=245  12$aIntraductal Injection of LPS as a Mouse Model of Mastitis: Signaling Visualized via an NF-κB Reporter Transgenic$h[electronic resource]
=260  \\$aCambridge, MA$bMyJoVE Corp$c2016
=300  \\$aonline resource (531 seconds)
=490  0\$aMedicine
=500  \\$aTitle from resource description page
=520  \\$aDescribed here is a technique in which lipopolysaccharide is injected into the lactating mouse mammary gland via the nipple to simulate mastitis, a condition commonly caused by bacterial infection.  Lipopolysaccharide injection results in increased nuclear factor kappa B (NF-κB) signaling, visualized through bioluminescent imaging of an NF-κB luciferase reporter mouse.
=521  \\$aFor undergraduate, graduate, and professional students
=546  \\$aEnglish
=650  \0$aMedicine
=856  40$uhttps://www.jove.com/video/4030
=945  \\$aThe Whole World

