=LDR  00915ngm a2200000i 4500
=001  JoVEBiology4001
=008  161201s2016\\\\xx\\\\\g\\\\\\s\\\\\eng\d
=035  \\$a(OCoLC)733445860
=040  \\$aVaAlASP$cVaAlASP
=100  1\$aLi,Dianfan
=245  12$aHarvesting and Cryo-cooling Crystals of Membrane Proteins Grown in Lipidic Mesophases for Structure Determination by Macromolecular Crystallography$h[electronic resource]
=260  \\$aCambridge, MA$bMyJoVE Corp$c2016
=300  \\$aonline resource (1109 seconds)
=490  0\$aBiology
=500  \\$aTitle from resource description page
=520  \\$aHerein is described procedures implemented in the Caffrey Membrane Structural and Functional Biology Group to harvest and cryo-cool membrane protein crystals grown in lipidic cubic and sponge phases for use in structure determination using macromolecular X-ray crystallography.
=521  \\$aFor undergraduate, graduate, and professional students
=546  \\$aEnglish
=650  \0$aBiology
=856  40$uhttps://www.jove.com/video/4001
=945  \\$aThe Whole World

