=LDR  00899ngm a2200000i 4500
=001  JoVEBiology4000
=008  161201s2016\\\\xx\\\\\g\\\\\\s\\\\\eng\d
=035  \\$a(OCoLC)733445860
=040  \\$aVaAlASP$cVaAlASP
=100  1\$aLi,Dianfan
=245  12$aUse of a Robot for High-throughput Crystallization of Membrane Proteins in Lipidic Mesophases$h[electronic resource]
=260  \\$aCambridge, MA$bMyJoVE Corp$c2016
=300  \\$aonline resource (1221 seconds)
=490  0\$aBiology
=500  \\$aTitle from resource description page
=520  \\$aHerein is described a robotic approach to high-throughput crystallization of membrane proteins in lipidic mesophases for use in structure determination using macromolecular X-ray crystallography.  Three robots capable of handling the viscous and sticky protein-laden mesophase integral to the method are introduced.
=521  \\$aFor undergraduate, graduate, and professional students
=546  \\$aEnglish
=650  \0$aBiology
=856  40$uhttps://www.jove.com/video/4000
=945  \\$aThe Whole World

