=LDR  00992ngm a2200000i 4500
=001  JoVEBiology4233
=008  161201s2016\\\\xx\\\\\g\\\\\\s\\\\\eng\d
=035  \\$a(OCoLC)733445860
=040  \\$aVaAlASP$cVaAlASP
=100  1\$aHaass-Koffler,Carolina L.
=245  12$aAn Analytical Tool that Quantifies Cellular Morphology Changes from Three-dimensional Fluorescence Images$h[electronic resource]
=260  \\$aCambridge, MA$bMyJoVE Corp$c2016
=300  \\$aonline resource (600 seconds)
=490  0\$aBiology
=500  \\$aTitle from resource description page
=520  \\$aWe developed a software platform that utilizes Imaris Neuroscience, ImarisXT and MATLAB to measure the changes in morphology of an undefined shape taken from three-dimensional confocal fluorescence of single cells. This novel approach can be used to quantify changes in cell shape following receptor activation and therefore represents a possible additional tool for drug discovery.
=521  \\$aFor undergraduate, graduate, and professional students
=546  \\$aEnglish
=650  \0$aBiology
=856  40$uhttps://www.jove.com/video/4233
=945  \\$aThe Whole World

