=LDR  00812ngm a2200000i 4500
=001  JoVEBiology3910
=008  161201s2016\\\\xx\\\\\g\\\\\\s\\\\\eng\d
=035  \\$a(OCoLC)733445860
=040  \\$aVaAlASP$cVaAlASP
=100  1\$aBao,Huan
=245  12$aA Step-by-step Method for the Reconstitution of an ABC Transporter into Nanodisc Lipid Particles$h[electronic resource]
=260  \\$aCambridge, MA$bMyJoVE Corp$c2016
=300  \\$aonline resource (745 seconds)
=490  0\$aBiology
=500  \\$aTitle from resource description page
=520  \\$aNanodiscs are small discoid particles that incorporate membrane proteins into a small patch of phospholipid bilayer.  We provide a visual protocol that shows the step-by-step incorporation of the MalFGK2 transporter into a disc.
=521  \\$aFor undergraduate, graduate, and professional students
=546  \\$aEnglish
=650  \0$aBiology
=856  40$uhttps://www.jove.com/video/3910
=945  \\$aThe Whole World

