=LDR  00926ngm a2200000i 4500
=001  JoVEBiology4132
=008  161201s2016\\\\xx\\\\\g\\\\\\s\\\\\eng\d
=035  \\$a(OCoLC)733445860
=040  \\$aVaAlASP$cVaAlASP
=100  1\$aBader,Verian
=245  12$aGeneration, Purification, and Characterization of Cell-invasive DISC1 Protein Species$h[electronic resource]
=260  \\$aCambridge, MA$bMyJoVE Corp$c2016
=300  \\$aonline resource (873 seconds)
=490  0\$aBiology
=500  \\$aTitle from resource description page
=520  \\$aThe generation, purification and cell invasion of intracellular, cytoplasmic full length DISC1 protein aggresomes from cell cultures and of a labeled, multimeric recombinant DISC1 protein fragment in E. coli are described. Cell invasiveness is shown for recipient cells in cell culture and for neurons in vivo after stereotactical brain inoculation.
=521  \\$aFor undergraduate, graduate, and professional students
=546  \\$aEnglish
=650  \0$aBiology
=856  40$uhttps://www.jove.com/video/4132
=945  \\$aThe Whole World

