=LDR  00932ngm a2200000i 4500
=001  JoVEMedicine4206
=008  161201s2016\\\\xx\\\\\g\\\\\\s\\\\\eng\d
=035  \\$a(OCoLC)733445860
=040  \\$aVaAlASP$cVaAlASP
=100  1\$aLawrenson,Kate
=245  12$aHeterotypic Three-dimensional In Vitro Modeling of Stromal-Epithelial Interactions During Ovarian Cancer Initiation and Progression$h[electronic resource]
=260  \\$aCambridge, MA$bMyJoVE Corp$c2016
=300  \\$aonline resource (762 seconds)
=490  0\$aMedicine
=500  \\$aTitle from resource description page
=520  \\$aWe describe methodologies for establishing in vitro heterotypic three-dimensional models comprising ovarian fibroblasts and normal ovarian surface or ovarian cancer epithelial cells. We discuss the use of these models to study stromal-epithelial interactions that occur during ovarian cancer development.
=521  \\$aFor undergraduate, graduate, and professional students
=546  \\$aEnglish
=650  \0$aMedicine
=856  40$uhttps://www.jove.com/video/4206
=945  \\$aThe Whole World

