=LDR  00929ngm a2200000i 4500
=001  JoVEMedicine4204
=008  161201s2016\\\\xx\\\\\g\\\\\\s\\\\\eng\d
=035  \\$a(OCoLC)733445860
=040  \\$aVaAlASP$cVaAlASP
=100  1\$aEl Ayadi,Amina
=245  12$aPurification and Aggregation of the Amyloid Precursor Protein Intracellular Domain$h[electronic resource]
=260  \\$aCambridge, MA$bMyJoVE Corp$c2016
=300  \\$aonline resource (608 seconds)
=490  0\$aMedicine
=500  \\$aTitle from resource description page
=520  \\$aA method for large-scale purification of the APP intracellular domain (AICD) is described. We also describe methodology to induce in vitro AICD aggregation and visualization by atomic force microscopy. The methods described are useful for biochemical/structural characterization of the AICD and the effects of molecular chaperones on its aggregation.
=521  \\$aFor undergraduate, graduate, and professional students
=546  \\$aEnglish
=650  \0$aMedicine
=856  40$uhttps://www.jove.com/video/4204
=945  \\$aThe Whole World

