=LDR  01009ngm a2200000i 4500
=001  JoVEBiology4119
=008  161201s2016\\\\xx\\\\\g\\\\\\s\\\\\eng\d
=035  \\$a(OCoLC)733445860
=040  \\$aVaAlASP$cVaAlASP
=100  1\$aMartin,Karen H.
=245  12$aQuantitative Measurement of Invadopodia-mediated Extracellular Matrix Proteolysis in Single and Multicellular Contexts $h[electronic resource]
=260  \\$aCambridge, MA$bMyJoVE Corp$c2016
=300  \\$aonline resource (863 seconds)
=490  0\$aBiology
=500  \\$aTitle from resource description page
=520  \\$aWe describe the prototypical method for producing microscope coverslips coated with fluorescent gelatin for visualizing invadopodia-mediated matrix degradation.  Computational techniques using available software are presented for quantifying the resultant levels of matrix proteolysis by single cells within a mixed population and for multicellular groups encompassing entire microscopic fields.
=521  \\$aFor undergraduate, graduate, and professional students
=546  \\$aEnglish
=650  \0$aBiology
=856  40$uhttps://www.jove.com/video/4119
=945  \\$aThe Whole World

