=LDR  00961ngm a2200000i 4500
=001  JoVEBiology3979
=008  161201s2016\\\\xx\\\\\g\\\\\\s\\\\\eng\d
=035  \\$a(OCoLC)733445860
=040  \\$aVaAlASP$cVaAlASP
=100  1\$aPetzold,Kristin M.
=245  12$aA System for ex vivo Culturing of Embryonic Pancreas$h[electronic resource]
=260  \\$aCambridge, MA$bMyJoVE Corp$c2016
=300  \\$aonline resource (651 seconds)
=490  0\$aBiology
=500  \\$aTitle from resource description page
=520  \\$aHere, we describe a method for isolation, culture and manipulation of mouse embryonic pancreas. This represents an excellent ex vivo system for studying various aspects of pancreatic development, including morphogenesis, differentiation and growth. Pancreatic bud explants can be cultured for several days and used in a range of different applications, including whole-mount immunofluorescence and live imaging.
=521  \\$aFor undergraduate, graduate, and professional students
=546  \\$aEnglish
=650  \0$aBiology
=856  40$uhttps://www.jove.com/video/3979
=945  \\$aThe Whole World

