=LDR  00806ngm a2200000i 4500
=001  JoVEBiology4110
=008  161201s2016\\\\xx\\\\\g\\\\\\s\\\\\eng\d
=035  \\$a(OCoLC)733445860
=040  \\$aVaAlASP$cVaAlASP
=100  1\$aWiesler,Simone C.
=245  12$aHigh-throughput Purification of Affinity-tagged Recombinant Proteins$h[electronic resource]
=260  \\$aCambridge, MA$bMyJoVE Corp$c2016
=300  \\$aonline resource (464 seconds)
=490  0\$aBiology
=500  \\$aTitle from resource description page
=520  \\$aWe describe a method for the affinity-tagged purification of recombinant proteins using liquid-handling robotics. This method is generally applicable to the small-scale purification of soluble His-tagged proteins in a high-throughput format.
=521  \\$aFor undergraduate, graduate, and professional students
=546  \\$aEnglish
=650  \0$aBiology
=856  40$uhttps://www.jove.com/video/4110
=945  \\$aThe Whole World

