=LDR  00676ngm a2200000i 4500
=001  JoVEMedicine3801
=008  161201s2016\\\\xx\\\\\g\\\\\\s\\\\\eng\d
=035  \\$a(OCoLC)733445860
=040  \\$aVaAlASP$cVaAlASP
=100  1\$aDuhan,Vikas
=245  12$aProtocol for Long Duration Whole Body Hyperthermia in Mice$h[electronic resource]
=260  \\$aCambridge, MA$bMyJoVE Corp$c2016
=300  \\$aonline resource (489 seconds)
=490  0\$aMedicine
=500  \\$aTitle from resource description page
=520  \\$aThis paper describes a protocol for whole body hyperthermia in mice that can stimulate fever like conditions up to 12-24 hr.
=521  \\$aFor undergraduate, graduate, and professional students
=546  \\$aEnglish
=650  \0$aMedicine
=856  40$uhttps://www.jove.com/video/3801
=945  \\$aThe Whole World

