=LDR  00890ngm a2200000i 4500
=001  JoVEMedicine4162
=008  161201s2016\\\\xx\\\\\g\\\\\\s\\\\\eng\d
=035  \\$a(OCoLC)733445860
=040  \\$aVaAlASP$cVaAlASP
=100  1\$aArlt,Matthias J.E.
=245  12$aImproved Visualization of Lung Metastases at Single Cell Resolution in Mice by Combined In-situ Perfusion of Lung Tissue and X-Gal Staining of lacZ-Tagged Tumor Cells$h[electronic resource]
=260  \\$aCambridge, MA$bMyJoVE Corp$c2016
=300  \\$aonline resource (527 seconds)
=490  0\$aMedicine
=500  \\$aTitle from resource description page
=520  \\$aThe novel protocol reported in the present study allows selective detection of lung metastases at single cell resolution in mice by combined in-situ lung perfusion and fixation and X-Gal staining of lacZ-tagged tumor cells.
=521  \\$aFor undergraduate, graduate, and professional students
=546  \\$aEnglish
=650  \0$aMedicine
=856  40$uhttps://www.jove.com/video/4162
=945  \\$aThe Whole World

