=LDR  00921ngm a2200000i 4500
=001  JoVEMedicine3869
=008  161201s2016\\\\xx\\\\\g\\\\\\s\\\\\eng\d
=035  \\$a(OCoLC)733445860
=040  \\$aVaAlASP$cVaAlASP
=100  1\$aUvin,Pieter
=245  12$aThe Use of Cystometry in Small Rodents: A Study of Bladder Chemosensation$h[electronic resource]
=260  \\$aCambridge, MA$bMyJoVE Corp$c2016
=300  \\$aonline resource (488 seconds)
=490  0\$aMedicine
=500  \\$aTitle from resource description page
=520  \\$aCystometry is an efficient technique to measure bladder function of small animals in vivo. The bladder is continuously infused at rates controlled through an intravesical catheter, whereas the urethra is left free for micturition. This allows for repetitive filling and emptying of the bladder, while intravesical pressure and voided volume are recorded.
=521  \\$aFor undergraduate, graduate, and professional students
=546  \\$aEnglish
=650  \0$aMedicine
=856  40$uhttps://www.jove.com/video/3869
=945  \\$aThe Whole World

