=LDR  00933ngm a2200000i 4500
=001  JoVEBiology4081
=008  161201s2016\\\\xx\\\\\g\\\\\\s\\\\\eng\d
=035  \\$a(OCoLC)733445860
=040  \\$aVaAlASP$cVaAlASP
=100  1\$aSprenger,Julia U.
=245  12$aFRET Microscopy for Real-time Monitoring of Signaling Events in Live Cells Using Unimolecular Biosensors$h[electronic resource]
=260  \\$aCambridge, MA$bMyJoVE Corp$c2016
=300  \\$aonline resource (634 seconds)
=490  0\$aBiology
=500  \\$aTitle from resource description page
=520  \\$aFörster resonance energy transfer (FRET) microscopy is a powerful technique for real-time monitoring of signaling events in live cells using various biosensors as reporters. Here we describe how to build a customized epifluorescence FRET imaging system from commercially available components and how to use it for FRET experiments.
=521  \\$aFor undergraduate, graduate, and professional students
=546  \\$aEnglish
=650  \0$aBiology
=856  40$uhttps://www.jove.com/video/4081
=945  \\$aThe Whole World

