=LDR  00998ngm a2200000i 4500
=001  JoVEBiology3805
=008  161201s2016\\\\xx\\\\\g\\\\\\s\\\\\eng\d
=035  \\$a(OCoLC)733445860
=040  \\$aVaAlASP$cVaAlASP
=100  1\$aDogra,Navneet
=245  12$aReal-time Monitoring of Ligand-receptor Interactions with Fluorescence Resonance Energy Transfer$h[electronic resource]
=260  \\$aCambridge, MA$bMyJoVE Corp$c2016
=300  \\$aonline resource (743 seconds)
=490  0\$aBiology
=500  \\$aTitle from resource description page
=520  \\$aWe demonstrate FRET between conjugated polymer polydiacetylene (PDA) and fluorophore attached to the surface of PDA liposomes for the sensing of biomolecules.  PDA liposomes also contained receptor molecules on their surfaces for biomolecules to be used as probes. Ligand-receptor interactions lead to changes in the FRET efficiency between the fluorophore and PDA which is the basis of the sensing mechanism.
=521  \\$aFor undergraduate, graduate, and professional students
=546  \\$aEnglish
=650  \0$aBiology
=856  40$uhttps://www.jove.com/video/3805
=945  \\$aThe Whole World

