=LDR  00929ngm a2200000i 4500
=001  JoVEBiology2810
=008  161201s2016\\\\xx\\\\\g\\\\\\s\\\\\eng\d
=035  \\$a(OCoLC)733445860
=040  \\$aVaAlASP$cVaAlASP
=100  1\$aGopalakrishnan,Bhavani
=245  12$aDetection of Nitric Oxide and Superoxide Radical Anion by Electron Paramagnetic Resonance Spectroscopy from Cells using Spin Traps$h[electronic resource]
=260  \\$aCambridge, MA$bMyJoVE Corp$c2016
=300  \\$aonline resource (801 seconds)
=490  0\$aBiology
=500  \\$aTitle from resource description page
=520  \\$aElectron paramagnetic resonance (EPR) spectroscopy was employed to detect nitric oxide from bovine aortic endothelial cells and superoxide radical anion from human neutrophils using iron (II)-N-methyl-D-glucamine dithiocarbamate, Fe(MGD)2 and 5,5-dimethyl-1-pyroroline-N-oxide, DMPO, respectively.
=521  \\$aFor undergraduate, graduate, and professional students
=546  \\$aEnglish
=650  \0$aBiology
=856  40$uhttps://www.jove.com/video/2810
=945  \\$aThe Whole World

