=LDR  00940ngm a2200000i 4500
=001  JoVEMedicine4218
=008  161201s2016\\\\xx\\\\\g\\\\\\s\\\\\eng\d
=035  \\$a(OCoLC)733445860
=040  \\$aVaAlASP$cVaAlASP
=100  1\$aWong,Chung
=245  12$aHuman Neuroendocrine Tumor Cell Lines as a Three-Dimensional Model for the Study of Human Neuroendocrine Tumor Therapy$h[electronic resource]
=260  \\$aCambridge, MA$bMyJoVE Corp$c2016
=300  \\$aonline resource (724 seconds)
=490  0\$aMedicine
=500  \\$aTitle from resource description page
=520  \\$aWe present a simple agarose overlay platform to grow 3D multicellular spheroids using neuroendocrine cancer cell lines. This method provides a very convenient way to examine the effect of therapeutic drugs on the neuroendocrine tumor cells. It could also help us establish human neuroendocrine tumor spheroids for cancer therapy.
=521  \\$aFor undergraduate, graduate, and professional students
=546  \\$aEnglish
=650  \0$aMedicine
=856  40$uhttps://www.jove.com/video/4218
=945  \\$aThe Whole World

