=LDR  01024ngm a2200000i 4500
=001  JoVEMedicine4178
=008  161201s2016\\\\xx\\\\\g\\\\\\s\\\\\eng\d
=035  \\$a(OCoLC)733445860
=040  \\$aVaAlASP$cVaAlASP
=100  1\$aBäuerle,Tobias
=245  12$aMulti-modal Imaging of Angiogenesis in a Nude Rat Model of Breast Cancer Bone Metastasis Using Magnetic Resonance Imaging, Volumetric Computed Tomography and Ultrasound$h[electronic resource]
=260  \\$aCambridge, MA$bMyJoVE Corp$c2016
=300  \\$aonline resource (743 seconds)
=490  0\$aMedicine
=500  \\$aTitle from resource description page
=520  \\$aIn the pathogenesis of bone metastasis, angiogenesis is a crucial process and therefore represents a target for imaging and therapy. Here, we present a rat model of site-specific breast cancer bone metastasis and describe strategies to non-invasively image angiogenesis in vivo using magnetic resonance imaging, volumetric computed tomography and ultrasound.
=521  \\$aFor undergraduate, graduate, and professional students
=546  \\$aEnglish
=650  \0$aMedicine
=856  40$uhttps://www.jove.com/video/4178
=945  \\$aThe Whole World

