=LDR  00950ngm a2200000i 4500
=001  JoVEBiology4091
=008  161201s2016\\\\xx\\\\\g\\\\\\s\\\\\eng\d
=035  \\$a(OCoLC)733445860
=040  \\$aVaAlASP$cVaAlASP
=100  1\$aWu,Yanning
=245  12$aIn Vitro Analysis of PDZ-dependent CFTR Macromolecular Signaling Complexes$h[electronic resource]
=260  \\$aCambridge, MA$bMyJoVE Corp$c2016
=300  \\$aonline resource (605 seconds)
=490  0\$aBiology
=500  \\$aTitle from resource description page
=520  \\$aCystic fibrosis transmembrane conductance regulator (CFTR), an epithelial chloride channel, has been reported to interact with various proteins and regulate important cellular processes; among them the CFTR PDZ motif-mediated interactions have been well documented. This protocol describes methods we developed to assemble a PDZ-dependent CFTR macromolecular signaling complex in vitro.
=521  \\$aFor undergraduate, graduate, and professional students
=546  \\$aEnglish
=650  \0$aBiology
=856  40$uhttps://www.jove.com/video/4091
=945  \\$aThe Whole World

