=LDR  00892ngm a2200000i 4500
=001  JoVEBiology4018
=008  161201s2016\\\\xx\\\\\g\\\\\\s\\\\\eng\d
=035  \\$a(OCoLC)733445860
=040  \\$aVaAlASP$cVaAlASP
=100  1\$aBanks,A.P.
=245  12$aA Quantitative Fitness Analysis Workflow$h[electronic resource]
=260  \\$aCambridge, MA$bMyJoVE Corp$c2016
=300  \\$aonline resource (699 seconds)
=490  0\$aBiology
=500  \\$aTitle from resource description page
=520  \\$aQuantitative Fitness Analysis (QFA) is a complementary series of experimental and computational methods for estimating microbial culture fitnesses.  QFA estimates the effect of genetic mutations, drugs or other applied treatments on microbe growth.  Experiments scaling from focussed analysis of single cultures to thousands of parallel cultures can be designed.
=521  \\$aFor undergraduate, graduate, and professional students
=546  \\$aEnglish
=650  \0$aBiology
=856  40$uhttps://www.jove.com/video/4018
=945  \\$aThe Whole World

