=LDR  00878ngm a2200000i 4500
=001  JoVEMedicine3388
=008  161201s2016\\\\xx\\\\\g\\\\\\s\\\\\eng\d
=035  \\$a(OCoLC)733445860
=040  \\$aVaAlASP$cVaAlASP
=100  1\$aKhanna,Omaditya
=245  12$aGeneration of Alginate Microspheres for Biomedical Applications$h[electronic resource]
=260  \\$aCambridge, MA$bMyJoVE Corp$c2016
=300  \\$aonline resource (634 seconds)
=490  0\$aMedicine
=500  \\$aTitle from resource description page
=520  \\$aIn the following sections, we outline procedures for the preparation of alginate microspheres for use in biomedical applications. We specifically illustrate a technique for creating multilayered alginate microspheres for the dual purpose of cell and protein encapsulation as a potential treatment for type 1 diabetes.
=521  \\$aFor undergraduate, graduate, and professional students
=546  \\$aEnglish
=650  \0$aMedicine
=856  40$uhttps://www.jove.com/video/3388
=945  \\$aThe Whole World

