=LDR  00861ngm a2200000i 4500
=001  JoVEMedicine4036
=008  161201s2016\\\\xx\\\\\g\\\\\\s\\\\\eng\d
=035  \\$a(OCoLC)733445860
=040  \\$aVaAlASP$cVaAlASP
=100  1\$aJerchel,Stefan
=245  12$aA Human Fallopian Tube Model for Investigation of C. trachomatis Infections$h[electronic resource]
=260  \\$aCambridge, MA$bMyJoVE Corp$c2016
=300  \\$aonline resource (551 seconds)
=490  0\$aMedicine
=500  \\$aTitle from resource description page
=520  \\$aWe describe an ex vivo infection model for visualisation of direct interactions from bacterial pathogens with human fallopian tube cells. The whole organ tissue model was established to investigate C. trachomatis induced pathology to the female fallopian tube under "life-like" conditions.
=521  \\$aFor undergraduate, graduate, and professional students
=546  \\$aEnglish
=650  \0$aMedicine
=856  40$uhttps://www.jove.com/video/4036
=945  \\$aThe Whole World

