=LDR  01015ngm a2200000i 4500
=001  JoVEMedicine4108
=008  161201s2016\\\\xx\\\\\g\\\\\\s\\\\\eng\d
=035  \\$a(OCoLC)733445860
=040  \\$aVaAlASP$cVaAlASP
=100  1\$aZhu,Wenhong
=245  12$aSampling Human Indigenous Saliva Peptidome Using a Lollipop-Like Ultrafiltration Probe: Simplify and Enhance Peptide Detection for Clinical Mass Spectrometry$h[electronic resource]
=260  \\$aCambridge, MA$bMyJoVE Corp$c2016
=300  \\$aonline resource (517 seconds)
=490  0\$aMedicine
=500  \\$aTitle from resource description page
=520  \\$aConsidering saliva sampling for future clinical application, a lollipop-like ultrafiltration (LLUF) probe was fabricated to fit in the human oral cavity. Direct analysis of undigested saliva by NanoLC-LTQ mass spectrometry demonstrated the ability of LLUF probes to remove large proteins and high abundance proteins, and make low-abundant peptides more detectable.
=521  \\$aFor undergraduate, graduate, and professional students
=546  \\$aEnglish
=650  \0$aMedicine
=856  40$uhttps://www.jove.com/video/4108
=945  \\$aThe Whole World

