=LDR  00741ngm a2200000i 4500
=001  JoVEMedicine2550
=008  161201s2016\\\\xx\\\\\g\\\\\\s\\\\\eng\d
=035  \\$a(OCoLC)733445860
=040  \\$aVaAlASP$cVaAlASP
=100  1\$aZimmerman,Michael
=245  12$aUse of a Hanging-weight System for Liver Ischemia in Mice$h[electronic resource]
=260  \\$aCambridge, MA$bMyJoVE Corp$c2016
=300  \\$aonline resource (353 seconds)
=490  0\$aMedicine
=500  \\$aTitle from resource description page
=520  \\$aWe established a novel murine model of a hanging weight system for portal triad occlusion. This technique may be useful for future investigations of ischemia in murine hepatic models. 
=521  \\$aFor undergraduate, graduate, and professional students
=546  \\$aEnglish
=650  \0$aMedicine
=856  40$uhttps://www.jove.com/video/2550
=945  \\$aThe Whole World

