=LDR  00865ngm a2200000i 4500
=001  JoVEBiology4015
=008  161201s2016\\\\xx\\\\\g\\\\\\s\\\\\eng\d
=035  \\$a(OCoLC)733445860
=040  \\$aVaAlASP$cVaAlASP
=100  1\$aGuedelhoefer IV,Otto C.
=245  12$aPlanarian Immobilization, Partial Irradiation, and Tissue Transplantation$h[electronic resource]
=260  \\$aCambridge, MA$bMyJoVE Corp$c2016
=300  \\$aonline resource (609 seconds)
=490  0\$aBiology
=500  \\$aTitle from resource description page
=520  \\$aAn effective method for grafting tissue of defined and consistent size between planaria is described.  Also included is a description of how the immobilization technique used for transplantation can be adapted, in conjunction with lead shields, for the partial irradiation of live animals.
=521  \\$aFor undergraduate, graduate, and professional students
=546  \\$aEnglish
=650  \0$aBiology
=856  40$uhttps://www.jove.com/video/4015
=945  \\$aThe Whole World

