=LDR  00994ngm a2200000i 4500
=001  JoVEMedicine3973
=008  161201s2016\\\\xx\\\\\g\\\\\\s\\\\\eng\d
=035  \\$a(OCoLC)733445860
=040  \\$aVaAlASP$cVaAlASP
=100  1\$aThiele,Jan R.
=245  12$aReal-time Digital Imaging of Leukocyte-endothelial Interaction in Ischemia-reperfusion Injury (IRI) of the Rat Cremaster Muscle$h[electronic resource]
=260  \\$aCambridge, MA$bMyJoVE Corp$c2016
=300  \\$aonline resource (907 seconds)
=490  0\$aMedicine
=500  \\$aTitle from resource description page
=520  \\$aDigital intravital epifluorescence microscopy of postcapillary venules in the cremasteric microcirculation is a convenient method to gain insights into leukocyte-endothelial interaction in vivo in ischemia-reperfusion injury (IRI) of striated muscle tissue. We here provide a detailed protocol to safely perform the technique and discuss its applications and limitations.
=521  \\$aFor undergraduate, graduate, and professional students
=546  \\$aEnglish
=650  \0$aMedicine
=856  40$uhttps://www.jove.com/video/3973
=945  \\$aThe Whole World

