=LDR  01001ngm a2200000i 4500
=001  JoVEMedicine3996
=008  161201s2016\\\\xx\\\\\g\\\\\\s\\\\\eng\d
=035  \\$a(OCoLC)733445860
=040  \\$aVaAlASP$cVaAlASP
=100  1\$aTsukada,Kosuke
=245  12$aVisualization and Analysis of Blood Flow and Oxygen Consumption in Hepatic Microcirculation: Application to an Acute Hepatitis Model$h[electronic resource]
=260  \\$aCambridge, MA$bMyJoVE Corp$c2016
=300  \\$aonline resource (640 seconds)
=490  0\$aMedicine
=500  \\$aTitle from resource description page
=520  \\$aAn optical system was developed to visualize hepatic microcirculation with FITC-labeled erythrocytes and to measure the partial pressure of oxygen in the microvessels with laser-assisted phosphorimetry. This method can be used to investigate physiological and pathological mechanisms by analyzing microvascular structure, diameter, blood flow velocity, and oxygen tension.
=521  \\$aFor undergraduate, graduate, and professional students
=546  \\$aEnglish
=650  \0$aMedicine
=856  40$uhttps://www.jove.com/video/3996
=945  \\$aThe Whole World

