=LDR  00935ngm a2200000i 4500
=001  JoVEBiology4041
=008  161201s2016\\\\xx\\\\\g\\\\\\s\\\\\eng\d
=035  \\$a(OCoLC)733445860
=040  \\$aVaAlASP$cVaAlASP
=100  1\$aAydin,Halil
=245  12$aA Convenient and General Expression Platform for the Production of Secreted Proteins from Human Cells$h[electronic resource]
=260  \\$aCambridge, MA$bMyJoVE Corp$c2016
=300  \\$aonline resource (430 seconds)
=490  0\$aBiology
=500  \\$aTitle from resource description page
=520  \\$aIn the post-human genomics era, the availability of recombinant proteins in native conformations is crucial to structural, functional and therapeutic research and development. Here, we describe a test- and large-scale protein expression system in human embryonic kidney 293T cells that can be used to produce a variety of recombinant proteins.
=521  \\$aFor undergraduate, graduate, and professional students
=546  \\$aEnglish
=650  \0$aBiology
=856  40$uhttps://www.jove.com/video/4041
=945  \\$aThe Whole World

