=LDR  00887ngm a2200000i 4500
=001  JoVEBiology3775
=008  161201s2016\\\\xx\\\\\g\\\\\\s\\\\\eng\d
=035  \\$a(OCoLC)733445860
=040  \\$aVaAlASP$cVaAlASP
=100  1\$aLam,Justin
=245  12$aSynthesis of an In vivo MRI-detectable Apoptosis Probe$h[electronic resource]
=260  \\$aCambridge, MA$bMyJoVE Corp$c2016
=300  \\$aonline resource (418 seconds)
=490  0\$aBiology
=500  \\$aTitle from resource description page
=520  \\$aEarly detection of apoptosis may identify at-risk cell populations in a variety of diseases.  Here we demonstrate a method to link an early apoptosis-detection protein (Annexin V) to a MRI-detectable iron oxide nanoparticle (SPIO).  This method may be extended to other proteins of interest to generate MRI-detectable molecular imaging probes.
=521  \\$aFor undergraduate, graduate, and professional students
=546  \\$aEnglish
=650  \0$aBiology
=856  40$uhttps://www.jove.com/video/3775
=945  \\$aThe Whole World

