=LDR  00759ngm a2200000i 4500
=001  JoVEMedicine4207
=008  161201s2016\\\\xx\\\\\g\\\\\\s\\\\\eng\d
=035  \\$a(OCoLC)733445860
=040  \\$aVaAlASP$cVaAlASP
=100  1\$aKang,Moo Rim
=245  12$aAn Orthotopic Bladder Tumor Model and the Evaluation of Intravesical saRNA Treatment$h[electronic resource]
=260  \\$aCambridge, MA$bMyJoVE Corp$c2016
=300  \\$aonline resource (523 seconds)
=490  0\$aMedicine
=500  \\$aTitle from resource description page
=520  \\$aEstablishing an orthotopic bladder tumor model to evaluate antitumor effects of intravesically delivered saRNA and monitoring tumor growth by ultrasound and bioluminescent imaging.
=521  \\$aFor undergraduate, graduate, and professional students
=546  \\$aEnglish
=650  \0$aMedicine
=856  40$uhttps://www.jove.com/video/4207
=945  \\$aThe Whole World

