=LDR  00884ngm a2200000i 4500
=001  JoVEBiology4078
=008  161201s2016\\\\xx\\\\\g\\\\\\s\\\\\eng\d
=035  \\$a(OCoLC)733445860
=040  \\$aVaAlASP$cVaAlASP
=100  1\$aLuo,Jiankai
=245  12$aGene Transfer into Older Chicken Embryos by ex ovo Electroporation$h[electronic resource]
=260  \\$aCambridge, MA$bMyJoVE Corp$c2016
=300  \\$aonline resource (370 seconds)
=490  0\$aBiology
=500  \\$aTitle from resource description page
=520  \\$aA method of gene transfer into chicken embryos at later incubation stages (older than Hamburger and Hamilton stage (HH) 22) is described. This method overcomes disadvantages of in ovo electroporation applied to older chicken embryos and is a useful technique to study gene function and regulation at older developmental stages.
=521  \\$aFor undergraduate, graduate, and professional students
=546  \\$aEnglish
=650  \0$aBiology
=856  40$uhttps://www.jove.com/video/4078
=945  \\$aThe Whole World

