=LDR  00898ngm a2200000i 4500
=001  JoVEMedicine4115
=008  161201s2016\\\\xx\\\\\g\\\\\\s\\\\\eng\d
=035  \\$a(OCoLC)733445860
=040  \\$aVaAlASP$cVaAlASP
=100  1\$aAsfour,Huda
=245  12$aNADH Fluorescence Imaging of Isolated Biventricular Working Rabbit Hearts$h[electronic resource]
=260  \\$aCambridge, MA$bMyJoVE Corp$c2016
=300  \\$aonline resource (727 seconds)
=490  0\$aMedicine
=500  \\$aTitle from resource description page
=520  \\$aThe objective is to monitor the mitochondrial redox state of isolated hearts within the context of physiologic preload and afterload pressures. A biventricular working rabbit heart model is presented. High spatiotemporal resolution fluorescence imaging of NADH is used to monitor the mitochondrial redox state of epicardial tissue.
=521  \\$aFor undergraduate, graduate, and professional students
=546  \\$aEnglish
=650  \0$aMedicine
=856  40$uhttps://www.jove.com/video/4115
=945  \\$aThe Whole World

