=LDR  00918ngm a2200000i 4500
=001  JoVEMedicine3313
=008  161201s2016\\\\xx\\\\\g\\\\\\s\\\\\eng\d
=035  \\$a(OCoLC)733445860
=040  \\$aVaAlASP$cVaAlASP
=100  1\$aLee,Jae H.T.
=245  12$aA Contusive Model of Unilateral Cervical Spinal Cord Injury Using the Infinite Horizon Impactor$h[electronic resource]
=260  \\$aCambridge, MA$bMyJoVE Corp$c2016
=300  \\$aonline resource (448 seconds)
=490  0\$aMedicine
=500  \\$aTitle from resource description page
=520  \\$aA reliable and repeatable way to produce a cervical unilateral spinal cord injury using the Infinite Horizon impactor is described. The method takes advantage of a custom designed frame and clamp to stabilize the spine.  The standardized procedure and biomechanical injury parameters result in sufficient and sustained injuries.
=521  \\$aFor undergraduate, graduate, and professional students
=546  \\$aEnglish
=650  \0$aMedicine
=856  40$uhttps://www.jove.com/video/3313
=945  \\$aThe Whole World

