=LDR  00937ngm a2200000i 4500
=001  JoVEMedicine3232
=008  161201s2016\\\\xx\\\\\g\\\\\\s\\\\\eng\d
=035  \\$a(OCoLC)733445860
=040  \\$aVaAlASP$cVaAlASP
=100  1\$aApaza,Sonia
=245  12$aDetection and Genogrouping of Noroviruses from Children's Stools By Taqman One-step RT-PCR$h[electronic resource]
=260  \\$aCambridge, MA$bMyJoVE Corp$c2016
=300  \\$aonline resource (916 seconds)
=490  0\$aMedicine
=500  \\$aTitle from resource description page
=520  \\$aA One-Step RT-PCR assay for detection and genogroup identification of Norovirus isolates  from children’s stools, that utilizes primers and TaqMan probes specific to the open reading frame 1 (ORF1)-ORF2 junction region, the most conserved region of the Norovirus genome is described. A non-commercial, cost-effective RNA extraction method is detailed.
=521  \\$aFor undergraduate, graduate, and professional students
=546  \\$aEnglish
=650  \0$aMedicine
=856  40$uhttps://www.jove.com/video/3232
=945  \\$aThe Whole World

