=LDR  00874ngm a2200000i 4500
=001  JoVEBiology4088
=008  161201s2016\\\\xx\\\\\g\\\\\\s\\\\\eng\d
=035  \\$a(OCoLC)733445860
=040  \\$aVaAlASP$cVaAlASP
=100  1\$aFawcett,Emily M.
=245  12$aCreating Defined Gaseous Environments to Study the Effects of Hypoxia on C. elegans$h[electronic resource]
=260  \\$aCambridge, MA$bMyJoVE Corp$c2016
=300  \\$aonline resource (667 seconds)
=490  0\$aBiology
=500  \\$aTitle from resource description page
=520  \\$aThis paper details how to use continuous-flow hypoxia chambers to generate atmospheres with defined concentrations of O2 to understand biological responses to decreased O2. This system is easy to setup and maintain, and flexible enough to suit a wide range of O2 concentrations and model systems
=521  \\$aFor undergraduate, graduate, and professional students
=546  \\$aEnglish
=650  \0$aBiology
=856  40$uhttps://www.jove.com/video/4088
=945  \\$aThe Whole World

