=LDR  00984ngm a2200000i 4500
=001  JoVEBiology3991
=008  161201s2016\\\\xx\\\\\g\\\\\\s\\\\\eng\d
=035  \\$a(OCoLC)733445860
=040  \\$aVaAlASP$cVaAlASP
=100  1\$aLovy,Alenka
=245  12$aA Faster, High Resolution, mtPA-GFP-based Mitochondrial Fusion Assay Acquiring Kinetic Data of Multiple Cells in Parallel Using Confocal Microscopy$h[electronic resource]
=260  \\$aCambridge, MA$bMyJoVE Corp$c2016
=300  \\$aonline resource (645 seconds)
=490  0\$aBiology
=500  \\$aTitle from resource description page
=520  \\$aMitochondrial fusion was measured by tracking the equilibration of photoconverted matrix-targeted GFP across the mitochondrial network over time. Thus far, only one cell could be subjected to an hour long kinetic analysis at a time. We present a method that simultaneously measures multiple cells, thereby speeding up the data collection process.
=521  \\$aFor undergraduate, graduate, and professional students
=546  \\$aEnglish
=650  \0$aBiology
=856  40$uhttps://www.jove.com/video/3991
=945  \\$aThe Whole World

