=LDR  01034ngm a2200000i 4500
=001  JoVEMedicine4050
=008  161201s2016\\\\xx\\\\\g\\\\\\s\\\\\eng\d
=035  \\$a(OCoLC)733445860
=040  \\$aVaAlASP$cVaAlASP
=100  1\$aTichauer,Kenneth M.
=245  12$aComputed Tomography-guided Time-domain Diffuse Fluorescence Tomography in Small Animals for Localization of Cancer Biomarkers$h[electronic resource]
=260  \\$aCambridge, MA$bMyJoVE Corp$c2016
=300  \\$aonline resource (744 seconds)
=490  0\$aMedicine
=500  \\$aTitle from resource description page
=520  \\$aDiffuse fluorescence tomography offers a relatively low-cost and potentially high-throughout approach to preclinical in vivo tumor imaging. The methodology of optical data collection, calibration, and image reconstruction is presented for a computed tomography-guided non-contact time-domain system using fluorescent targeting of the tumor biomarker epidermal growth factor receptor in a mouse glioma model.
=521  \\$aFor undergraduate, graduate, and professional students
=546  \\$aEnglish
=650  \0$aMedicine
=856  40$uhttps://www.jove.com/video/4050
=945  \\$aThe Whole World

