=LDR  00858ngm a2200000i 4500
=001  JoVEMedicine3896
=008  161201s2016\\\\xx\\\\\g\\\\\\s\\\\\eng\d
=035  \\$a(OCoLC)733445860
=040  \\$aVaAlASP$cVaAlASP
=100  1\$aKim,Se-Chan
=245  12$aA Murine Closed-chest Model of Myocardial Ischemia and Reperfusion$h[electronic resource]
=260  \\$aCambridge, MA$bMyJoVE Corp$c2016
=300  \\$aonline resource (822 seconds)
=490  0\$aMedicine
=500  \\$aTitle from resource description page
=520  \\$aSurgical trauma induces an inflammatory response. Cytokines and endogenous ligands are known to modulate myocardial infarct size following ischemia and reperfusion. We present a modified closed-chest model of murine ischemia and reperfusion using hanging weights to minimize effects of thoracotomy.
=521  \\$aFor undergraduate, graduate, and professional students
=546  \\$aEnglish
=650  \0$aMedicine
=856  40$uhttps://www.jove.com/video/3896
=945  \\$aThe Whole World

