=LDR  00877ngm a2200000i 4500
=001  JoVEBiology4074
=008  161201s2016\\\\xx\\\\\g\\\\\\s\\\\\eng\d
=035  \\$a(OCoLC)733445860
=040  \\$aVaAlASP$cVaAlASP
=100  1\$avan Ooijen,Gerben
=245  12$aGenomic Transformation of the Picoeukaryote Ostreococcus tauri$h[electronic resource]
=260  \\$aCambridge, MA$bMyJoVE Corp$c2016
=300  \\$aonline resource (645 seconds)
=490  0\$aBiology
=500  \\$aTitle from resource description page
=520  \\$aThis article describes genetic transformation of the unicellular marine alga Ostreococcus tauri by electroporation. This eukaryotic organism is an effective model platform for higher plants, possesing greatly reduced genomic and cellular complexity and being readily amenable to both cell culture and chemical biology.
=521  \\$aFor undergraduate, graduate, and professional students
=546  \\$aEnglish
=650  \0$aBiology
=856  40$uhttps://www.jove.com/video/4074
=945  \\$aThe Whole World

