=LDR  00743ngm a2200000i 4500
=001  JoVEMedicine4205
=008  161201s2016\\\\xx\\\\\g\\\\\\s\\\\\eng\d
=035  \\$a(OCoLC)733445860
=040  \\$aVaAlASP$cVaAlASP
=100  1\$aBergmann,Olaf
=245  12$aIsolation of Cardiomyocyte Nuclei from Post-mortem Tissue$h[electronic resource]
=260  \\$aCambridge, MA$bMyJoVE Corp$c2016
=300  \\$aonline resource (612 seconds)
=490  0\$aMedicine
=500  \\$aTitle from resource description page
=520  \\$aCardiac nuclei are isolated via density sedimentation and immunolabeled with antibodies against pericentriolar material 1 (PCM-1) to identify and sort cardiomyocyte nuclei by flow cytometry.
=521  \\$aFor undergraduate, graduate, and professional students
=546  \\$aEnglish
=650  \0$aMedicine
=856  40$uhttps://www.jove.com/video/4205
=945  \\$aThe Whole World

