=LDR  01043ngm a2200000i 4500
=001  JoVEMedicine3947
=008  161201s2016\\\\xx\\\\\g\\\\\\s\\\\\eng\d
=035  \\$a(OCoLC)733445860
=040  \\$aVaAlASP$cVaAlASP
=100  1\$aSuzuki,Hidemi
=245  12$aDevelopment of Obliterative Bronchiolitis in a Murine Model of Orthotopic Lung Transplantation$h[electronic resource]
=260  \\$aCambridge, MA$bMyJoVE Corp$c2016
=300  \\$aonline resource (601 seconds)
=490  0\$aMedicine
=500  \\$aTitle from resource description page
=520  \\$aObliterative bronchiolitis is the key impediment to the long-term survival of lung transplant recipients and the lack of a robust preclinical model precludes examining obliterative bronchiolitis immunopathogenesis. Unlike other solid organ transplants, vascularized mouse lung transplantation has only recently been developed. Here we show our independently developed obliterative bronchiolitis model after murine orthotopic single-lung transplantation.
=521  \\$aFor undergraduate, graduate, and professional students
=546  \\$aEnglish
=650  \0$aMedicine
=856  40$uhttps://www.jove.com/video/3947
=945  \\$aThe Whole World

