=LDR  00941ngm a2200000i 4500
=001  JoVEBiology3736
=008  161201s2016\\\\xx\\\\\g\\\\\\s\\\\\eng\d
=035  \\$a(OCoLC)733445860
=040  \\$aVaAlASP$cVaAlASP
=100  1\$aFrascoli,Michela
=245  12$aPhenotypic Analysis and Isolation of Murine Hematopoietic Stem Cells and Lineage-committed Progenitors$h[electronic resource]
=260  \\$aCambridge, MA$bMyJoVE Corp$c2016
=300  \\$aonline resource (723 seconds)
=490  0\$aBiology
=500  \\$aTitle from resource description page
=520  \\$aA method to analyse the distribution of bone marrow hematopoietic progenitors in flow cytometry as well as to efficiently isolate highly purified hematopoietic stem cells (HSCs) is described. The isolation procedure is essentially based on magnetic enrichment of c-Kit+ cells and cell sorting to purify HSCs for cellular and molecular studies.
=521  \\$aFor undergraduate, graduate, and professional students
=546  \\$aEnglish
=650  \0$aBiology
=856  40$uhttps://www.jove.com/video/3736
=945  \\$aThe Whole World

