=LDR  00860ngm a2200000i 4500
=001  JoVEBiology4084
=008  161201s2016\\\\xx\\\\\g\\\\\\s\\\\\eng\d
=035  \\$a(OCoLC)733445860
=040  \\$aVaAlASP$cVaAlASP
=100  1\$aBaker,Harold N.
=245  12$aConversion of a Capture ELISA to a Luminex xMAP Assay using a Multiplex Antibody Screening Method$h[electronic resource]
=260  \\$aCambridge, MA$bMyJoVE Corp$c2016
=300  \\$aonline resource (888 seconds)
=490  0\$aBiology
=500  \\$aTitle from resource description page
=520  \\$aAn ELISA can be easily converted to a Luminex xMAP assay and, through the benefits of multiplexing, several antibodies can be screened simultaneously to identify an optimum antibody pair, resulting in increased sensitivity and dynamic range, while reducing assay cost.
=521  \\$aFor undergraduate, graduate, and professional students
=546  \\$aEnglish
=650  \0$aBiology
=856  40$uhttps://www.jove.com/video/4084
=945  \\$aThe Whole World

