=LDR  00895ngm a2200000i 4500
=001  JoVEBiology4026
=008  161201s2016\\\\xx\\\\\g\\\\\\s\\\\\eng\d
=035  \\$a(OCoLC)733445860
=040  \\$aVaAlASP$cVaAlASP
=100  1\$aJha,Sujata S.
=245  12$aIsolation of Ribosome Bound Nascent Polypeptides in vitro to Identify Translational Pause Sites Along mRNA$h[electronic resource]
=260  \\$aCambridge, MA$bMyJoVE Corp$c2016
=300  \\$aonline resource (615 seconds)
=490  0\$aBiology
=500  \\$aTitle from resource description page
=520  \\$aA technique to identify translational pause sites on mRNA is described. This procedure is based on isolation of nascent polypeptides accumulating on ribosomes during in vitro translation of a target mRNA, followed by the size analysis of the nascent chains using a denaturing gel electrophoresis.
=521  \\$aFor undergraduate, graduate, and professional students
=546  \\$aEnglish
=650  \0$aBiology
=856  40$uhttps://www.jove.com/video/4026
=945  \\$aThe Whole World

