=LDR  00660ngm a2200000i 4500
=001  JoVEMedicine4143
=008  161201s2016\\\\xx\\\\\g\\\\\\s\\\\\eng\d
=035  \\$a(OCoLC)733445860
=040  \\$aVaAlASP$cVaAlASP
=100  1\$aOldani,Graziano
=245  12$aOrthotopic Liver Transplantation in Rats$h[electronic resource]
=260  \\$aCambridge, MA$bMyJoVE Corp$c2016
=300  \\$aonline resource (1105 seconds)
=490  0\$aMedicine
=500  \\$aTitle from resource description page
=520  \\$aWe present an easy-to-establish revision of the classical two-cuff technique for orthotopic liver transplantation in rat.
=521  \\$aFor undergraduate, graduate, and professional students
=546  \\$aEnglish
=650  \0$aMedicine
=856  40$uhttps://www.jove.com/video/4143
=945  \\$aThe Whole World

