=LDR  00884ngm a2200000i 4500
=001  JoVEBiology3917
=008  161201s2016\\\\xx\\\\\g\\\\\\s\\\\\eng\d
=035  \\$a(OCoLC)733445860
=040  \\$aVaAlASP$cVaAlASP
=100  1\$aShen,Ling
=245  12$aIsolation and Primary Culture of Rat Hepatic Cells$h[electronic resource]
=260  \\$aCambridge, MA$bMyJoVE Corp$c2016
=300  \\$aonline resource (426 seconds)
=490  0\$aBiology
=500  \\$aTitle from resource description page
=520  \\$aPrimary hepatocytes provide a valuable tool to evaluate biochemical, molecular, and metabolic functions in a physiologically relevant experimental system.  We describe a reliable protocol for rat in situ liver perfusion, which consistently generates viable hepatocytes up to 1.0 × 108 cells per preparation with cell viability between 88 ~ 96%.
=521  \\$aFor undergraduate, graduate, and professional students
=546  \\$aEnglish
=650  \0$aBiology
=856  40$uhttps://www.jove.com/video/3917
=945  \\$aThe Whole World

