=LDR  00869ngm a2200000i 4500
=001  JoVEBiology3669
=008  161201s2016\\\\xx\\\\\g\\\\\\s\\\\\eng\d
=035  \\$a(OCoLC)733445860
=040  \\$aVaAlASP$cVaAlASP
=100  1\$aWen,Jessica W.
=245  12$aIsolation of Rat Portal Fibroblasts by In situ Liver Perfusion$h[electronic resource]
=260  \\$aCambridge, MA$bMyJoVE Corp$c2016
=300  \\$aonline resource (459 seconds)
=490  0\$aBiology
=500  \\$aTitle from resource description page
=520  \\$aA technique for isolating portal fibroblasts from rat liver is described. Livers are perfused and digested in situ with collagenase, followed by ex vivo digestion of the liver slurry and size selection of cells. This method provides a pure population of portal fibroblasts without the need for passage in culture.
=521  \\$aFor undergraduate, graduate, and professional students
=546  \\$aEnglish
=650  \0$aBiology
=856  40$uhttps://www.jove.com/video/3669
=945  \\$aThe Whole World

