=LDR  00959ngm a2200000i 4500
=001  JoVEBiology4007
=008  161201s2016\\\\xx\\\\\g\\\\\\s\\\\\eng\d
=035  \\$a(OCoLC)733445860
=040  \\$aVaAlASP$cVaAlASP
=100  1\$aGeorge,Phillip
=245  12$aHigh-throughput Physical Mapping of Chromosomes using Automated in situ Hybridization$h[electronic resource]
=260  \\$aCambridge, MA$bMyJoVE Corp$c2016
=300  \\$aonline resource (528 seconds)
=490  0\$aBiology
=500  \\$aTitle from resource description page
=520  \\$aGenome assemblies based on massively parallel DNA sequencing technologies are usually highly fragmented. The development of physical chromosome maps can potentially improve genome assemblies. Here, we demonstrate innovative approaches to chromosome preparation, fluorescent in situ hybridization, and imaging that significantly increase throughput of the physical map development.
=521  \\$aFor undergraduate, graduate, and professional students
=546  \\$aEnglish
=650  \0$aBiology
=856  40$uhttps://www.jove.com/video/4007
=945  \\$aThe Whole World

