=LDR  00911ngm a2200000i 4500
=001  JoVEBiology4140
=008  161201s2016\\\\xx\\\\\g\\\\\\s\\\\\eng\d
=035  \\$a(OCoLC)733445860
=040  \\$aVaAlASP$cVaAlASP
=100  1\$aFolco,Eric G.
=245  12$aSmall-scale Nuclear Extracts for Functional Assays of Gene-expression Machineries$h[electronic resource]
=260  \\$aCambridge, MA$bMyJoVE Corp$c2016
=300  \\$aonline resource (485 seconds)
=490  0\$aBiology
=500  \\$aTitle from resource description page
=520  \\$aA protocol for preparation of robust, small-scale HeLa nuclear extracts is described.  This protocol is valuable for assays that require use of small populations of cells, such as cells treated with drugs or RNAi.  The method should be applicable to a wide variety of gene expression assays and other cell types, including patient cells.
=521  \\$aFor undergraduate, graduate, and professional students
=546  \\$aEnglish
=650  \0$aBiology
=856  40$uhttps://www.jove.com/video/4140
=945  \\$aThe Whole World

