=LDR  00792ngm a2200000i 4500
=001  JoVEBiology4046
=008  161201s2016\\\\xx\\\\\g\\\\\\s\\\\\eng\d
=035  \\$a(OCoLC)733445860
=040  \\$aVaAlASP$cVaAlASP
=100  1\$aDenomme,Michelle M.
=245  12$aSingle Oocyte Bisulfite Mutagenesis$h[electronic resource]
=260  \\$aCambridge, MA$bMyJoVE Corp$c2016
=300  \\$aonline resource (798 seconds)
=490  0\$aBiology
=500  \\$aTitle from resource description page
=520  \\$aBisulfite mutagenesis is the gold standard for analyzing DNA methylation. Our modified protocol allows for DNA methylation analysis at the single-cell level and was specifically designed for individual oocytes. It can also be used for cleavage-stage embryos.
=521  \\$aFor undergraduate, graduate, and professional students
=546  \\$aEnglish
=650  \0$aBiology
=856  40$uhttps://www.jove.com/video/4046
=945  \\$aThe Whole World

