=LDR  00929ngm a2200000i 4500
=001  JoVEMedicine4080
=008  161201s2016\\\\xx\\\\\g\\\\\\s\\\\\eng\d
=035  \\$a(OCoLC)733445860
=040  \\$aVaAlASP$cVaAlASP
=100  1\$aFueger,Patrick T.
=245  12$aAssessing Replication and Beta Cell Function in Adenovirally-transduced Isolated Rodent Islets$h[electronic resource]
=260  \\$aCambridge, MA$bMyJoVE Corp$c2016
=300  \\$aonline resource (571 seconds)
=490  0\$aMedicine
=500  \\$aTitle from resource description page
=520  \\$aThis protocol allows one to identify factors that modulate functional beta cell mass to find potential therapeutic targets for the treatment of diabetes.  The protocol consists of a streamlined method to assess islet replication and beta cell function in isolated rat islets following manipulation of gene expression with adenoviruses.
=521  \\$aFor undergraduate, graduate, and professional students
=546  \\$aEnglish
=650  \0$aMedicine
=856  40$uhttps://www.jove.com/video/4080
=945  \\$aThe Whole World

