=LDR  00897ngm a2200000i 4500
=001  JoVEMedicine3703
=008  161201s2016\\\\xx\\\\\g\\\\\\s\\\\\eng\d
=035  \\$a(OCoLC)733445860
=040  \\$aVaAlASP$cVaAlASP
=100  1\$aSemenov,Iurii
=245  12$aIn vitro Measurements of Tracheal Constriction Using Mice$h[electronic resource]
=260  \\$aCambridge, MA$bMyJoVE Corp$c2016
=300  \\$aonline resource (620 seconds)
=490  0\$aMedicine
=500  \\$aTitle from resource description page
=520  \\$aTransgenic mice have been extremely useful in ascribing physiological function to genes. As such, research in general, and functional studies of airway, in particular, have undergone a remarkable shift toward murine models. Here we provide protocols for in vitro trachea constriction studies to evaluate smooth muscle function in murine airway.
=521  \\$aFor undergraduate, graduate, and professional students
=546  \\$aEnglish
=650  \0$aMedicine
=856  40$uhttps://www.jove.com/video/3703
=945  \\$aThe Whole World

