=LDR  00922ngm a2200000i 4500
=001  JoVEBiology3943
=008  161201s2016\\\\xx\\\\\g\\\\\\s\\\\\eng\d
=035  \\$a(OCoLC)733445860
=040  \\$aVaAlASP$cVaAlASP
=100  1\$aVallania,Francesco
=245  12$aDetection of Rare Genomic Variants from Pooled Sequencing Using SPLINTER$h[electronic resource]
=260  \\$aCambridge, MA$bMyJoVE Corp$c2016
=300  \\$aonline resource (846 seconds)
=490  0\$aBiology
=500  \\$aTitle from resource description page
=520  \\$aPooled DNA sequencing is a fast and cost-effective strategy to detect rare variants associated with complex phenotypes in large cohorts. Here we describe the computational analysis of pooled, next-generation sequencing of 32 cancer-related genes using the SPLINTER software package. This method is scalable, and applicable to any phenotype of interest.
=521  \\$aFor undergraduate, graduate, and professional students
=546  \\$aEnglish
=650  \0$aBiology
=856  40$uhttps://www.jove.com/video/3943
=945  \\$aThe Whole World

