=LDR  00973ngm a2200000i 4500
=001  JoVEBiology3854
=008  161201s2016\\\\xx\\\\\g\\\\\\s\\\\\eng\d
=035  \\$a(OCoLC)733445860
=040  \\$aVaAlASP$cVaAlASP
=100  1\$aJozefczuk,Justyna
=245  12$aPreparation of Mouse Embryonic Fibroblast Cells Suitable for Culturing Human Embryonic and Induced Pluripotent Stem Cells$h[electronic resource]
=260  \\$aCambridge, MA$bMyJoVE Corp$c2016
=300  \\$aonline resource (578 seconds)
=490  0\$aBiology
=500  \\$aTitle from resource description page
=520  \\$aThe quality of mouse embryonic fibroblasts (MEFs) is dictated by the right strain of mouse such as CF-1. Pluripotency-supportive MEFs and conditioned media (CM) obtained from these should contain optimal concentrations of Activin A, Gremlin and Tgfβ1 needed for the Activin/Nodal and FGF pathways to co-operatively maintain self-renewal and pluripotency.
=521  \\$aFor undergraduate, graduate, and professional students
=546  \\$aEnglish
=650  \0$aBiology
=856  40$uhttps://www.jove.com/video/3854
=945  \\$aThe Whole World

