=LDR  01045ngm a2200000i 4500
=001  JoVEBiology3842
=008  161201s2016\\\\xx\\\\\g\\\\\\s\\\\\eng\d
=035  \\$a(OCoLC)733445860
=040  \\$aVaAlASP$cVaAlASP
=100  1\$aDittami,Gregory M.
=245  12$aDetermination of Mammalian Cell Counts, Cell Size and Cell Health Using the Moxi Z Mini Automated Cell Counter$h[electronic resource]
=260  \\$aCambridge, MA$bMyJoVE Corp$c2016
=300  \\$aonline resource (796 seconds)
=490  0\$aBiology
=500  \\$aTitle from resource description page
=520  \\$aThe Moxi Z miniature automated cell counter is a novel instrument that combines the Coulter Principle with patented thin-film sensor technology and a proprietary software algorithm to perform sizing and counting of a broad size range of particles as well as to determine the overall health of monodisperse mammalian cell cultures. This protocol describes the use of this instrument for counting and assessing the health of cell cultures.
=521  \\$aFor undergraduate, graduate, and professional students
=546  \\$aEnglish
=650  \0$aBiology
=856  40$uhttps://www.jove.com/video/3842
=945  \\$aThe Whole World

