=LDR  00926ngm a2200000i 4500
=001  JoVEBiology4027
=008  161201s2016\\\\xx\\\\\g\\\\\\s\\\\\eng\d
=035  \\$a(OCoLC)733445860
=040  \\$aVaAlASP$cVaAlASP
=100  1\$aJha,Sujata S.
=245  12$aUsing SecM Arrest Sequence as a Tool to Isolate Ribosome Bound Polypeptides$h[electronic resource]
=260  \\$aCambridge, MA$bMyJoVE Corp$c2016
=300  \\$aonline resource (583 seconds)
=490  0\$aBiology
=500  \\$aTitle from resource description page
=520  \\$aWe describe here a technique that is now routinely used to isolate stably bound ribosome nascent chain complexes (RNCs). This technique takes advantage of the discovery that a 17 amino acid long SecM "arrest sequence" can halt translation elongation in a prokaryotic (E. coli) system, when inserted into (or fused to the C-terminus) of virtually any protein.
=521  \\$aFor undergraduate, graduate, and professional students
=546  \\$aEnglish
=650  \0$aBiology
=856  40$uhttps://www.jove.com/video/4027
=945  \\$aThe Whole World

