=LDR  00989ngm a2200000i 4500
=001  JoVEMedicine3875
=008  161201s2016\\\\xx\\\\\g\\\\\\s\\\\\eng\d
=035  \\$a(OCoLC)733445860
=040  \\$aVaAlASP$cVaAlASP
=100  1\$aNelson,Nadine
=245  12$aPreparation of Myeloid Derived Suppressor Cells (MDSC) from Naive and Pancreatic Tumor-bearing Mice using Flow Cytometry and Automated Magnetic Activated Cell Sorting (AutoMACS)$h[electronic resource]
=260  \\$aCambridge, MA$bMyJoVE Corp$c2016
=300  \\$aonline resource (855 seconds)
=490  0\$aMedicine
=500  \\$aTitle from resource description page
=520  \\$aThis is a rapid and comprehensive method of immunophenotyping Myeloid Derived Suppressor Cells (MDSC) and enriching Gr-1+ leukocytes from mouse spleens.  This method uses flow cytometry and AutoMACS Cell Sorting to enrich for viable Gr-1+ leukocytes prior to FACS sorting of MDSC for use in vivo and in vitro assays.
=521  \\$aFor undergraduate, graduate, and professional students
=546  \\$aEnglish
=650  \0$aMedicine
=856  40$uhttps://www.jove.com/video/3875
=945  \\$aThe Whole World

