=LDR  00892ngm a2200000i 4500
=001  JoVEMedicine3722
=008  161201s2016\\\\xx\\\\\g\\\\\\s\\\\\eng\d
=035  \\$a(OCoLC)733445860
=040  \\$aVaAlASP$cVaAlASP
=100  1\$aJiang,Hong
=245  12$aAnalytical Techniques for Assaying Nitric Oxide Bioactivity$h[electronic resource]
=260  \\$aCambridge, MA$bMyJoVE Corp$c2016
=300  \\$aonline resource (688 seconds)
=490  0\$aMedicine
=500  \\$aTitle from resource description page
=520  \\$aThe endogenous production of nitric oxide (NO) regulates a wide variety of biological functions.  It is becoming increasingly clear that disruption or dysregulation of NO based signaling is involved in many human diseases.  Methods to quantify relevant NO metabolites may provide novel diagnostic or prognostic biomarkers for human disease.
=521  \\$aFor undergraduate, graduate, and professional students
=546  \\$aEnglish
=650  \0$aMedicine
=856  40$uhttps://www.jove.com/video/3722
=945  \\$aThe Whole World

