=LDR  00722ngm a2200000i 4500
=001  JoVEBiology3487
=008  161201s2016\\\\xx\\\\\g\\\\\\s\\\\\eng\d
=035  \\$a(OCoLC)733445860
=040  \\$aVaAlASP$cVaAlASP
=100  1\$aTohge,Takayuki
=245  12$aAnnotation of Plant Gene Function via Combined Genomics, Metabolomics and Informatics$h[electronic resource]
=260  \\$aCambridge, MA$bMyJoVE Corp$c2016
=300  \\$aonline resource (489 seconds)
=490  0\$aBiology
=500  \\$aTitle from resource description page
=520  \\$aCombination of genomics, co-expression gene analysis and the identification of target compounds via metabolism give gene functional annotation.
=521  \\$aFor undergraduate, graduate, and professional students
=546  \\$aEnglish
=650  \0$aBiology
=856  40$uhttps://www.jove.com/video/3487
=945  \\$aThe Whole World

