=LDR  00966ngm a2200000i 4500
=001  JoVEBiology3763
=008  161201s2016\\\\xx\\\\\g\\\\\\s\\\\\eng\d
=035  \\$a(OCoLC)733445860
=040  \\$aVaAlASP$cVaAlASP
=100  1\$aSinclair,Maureen
=245  12$aStudying Mitotic Checkpoint by Illustrating Dynamic Kinetochore Protein Behavior and Chromosome Motion in Living Drosophila Syncytial Embryos$h[electronic resource]
=260  \\$aCambridge, MA$bMyJoVE Corp$c2016
=300  \\$aonline resource (839 seconds)
=490  0\$aBiology
=500  \\$aTitle from resource description page
=520  \\$aThe kinetochore is where the SAC initiates its signal monitoring the mitotic segregation of the sister chromatids. A method is described to visualize the recruitment and turnover of one of the kinetochore proteins and its coordination with the chromosome motion in Drosophila embryos using a Leica laser scanning confocal system.
=521  \\$aFor undergraduate, graduate, and professional students
=546  \\$aEnglish
=650  \0$aBiology
=856  40$uhttps://www.jove.com/video/3763
=945  \\$aThe Whole World

