=LDR  00832ngm a2200000i 4500
=001  JoVEBiology3304
=008  161201s2016\\\\xx\\\\\g\\\\\\s\\\\\eng\d
=035  \\$a(OCoLC)733445860
=040  \\$aVaAlASP$cVaAlASP
=100  1\$aHansen,Keith
=245  12$aGenome Editing with CompoZr Custom Zinc Finger Nucleases (ZFNs)$h[electronic resource]
=260  \\$aCambridge, MA$bMyJoVE Corp$c2016
=300  \\$aonline resource (551 seconds)
=490  0\$aBiology
=500  \\$aTitle from resource description page
=520  \\$aThe CompoZr Custom Zinc-Finger Nuclease (ZFN) Service enables precise genome editing in any organism or cell line at any locus defined by the user.  This article describes the process for the design, manufacture, validation and implementation of the CompoZr Custom ZFN Service.
=521  \\$aFor undergraduate, graduate, and professional students
=546  \\$aEnglish
=650  \0$aBiology
=856  40$uhttps://www.jove.com/video/3304
=945  \\$aThe Whole World

