=LDR  00934ngm a2200000i 4500
=001  JoVEMedicine3765
=008  161201s2016\\\\xx\\\\\g\\\\\\s\\\\\eng\d
=035  \\$a(OCoLC)733445860
=040  \\$aVaAlASP$cVaAlASP
=100  1\$aParekh,Mohit
=245  12$aA Simplified Technique for In situ Excision of Cornea and Evisceration of Retinal Tissue from Human Ocular Globe$h[electronic resource]
=260  \\$aCambridge, MA$bMyJoVE Corp$c2016
=300  \\$aonline resource (898 seconds)
=490  0\$aMedicine
=500  \\$aTitle from resource description page
=520  \\$aThe paper describes a simplified technique to excise corneal and to eviscerate retinal tissues from the ocular globe of human cadaveric donors. The technique described here will help to excise good quality tissues to be used for transplantation, surgical or research purposes without damaging other tissues of the ocular globe.
=521  \\$aFor undergraduate, graduate, and professional students
=546  \\$aEnglish
=650  \0$aMedicine
=856  40$uhttps://www.jove.com/video/3765
=945  \\$aThe Whole World

