=LDR  00905ngm a2200000i 4500
=001  JoVEMedicine3847
=008  161201s2016\\\\xx\\\\\g\\\\\\s\\\\\eng\d
=035  \\$a(OCoLC)733445860
=040  \\$aVaAlASP$cVaAlASP
=100  1\$aWoodward,Maria A.
=245  12$aCorneal Donor Tissue Preparation for Endothelial Keratoplasty$h[electronic resource]
=260  \\$aCambridge, MA$bMyJoVE Corp$c2016
=300  \\$aonline resource (517 seconds)
=490  0\$aMedicine
=500  \\$aTitle from resource description page
=520  \\$aEndothelial corneal transplantation is a surgical technique for treatment of posterior corneal diseases.  Mechanical microkeratome dissection to prepare tissue results in thinner, more symmetric grafts with less endothelial cell loss and improved outcomes.  Dissections can be performed at the eye bank prior to corneal transplantation surgery.
=521  \\$aFor undergraduate, graduate, and professional students
=546  \\$aEnglish
=650  \0$aMedicine
=856  40$uhttps://www.jove.com/video/3847
=945  \\$aThe Whole World

