=LDR  00899ngm a2200000i 4500
=001  JoVEMedicine3940
=008  161201s2016\\\\xx\\\\\g\\\\\\s\\\\\eng\d
=035  \\$a(OCoLC)733445860
=040  \\$aVaAlASP$cVaAlASP
=100  1\$aBueter,Marco
=245  12$aRoux-en-Y Gastric Bypass Operation in Rats$h[electronic resource]
=260  \\$aCambridge, MA$bMyJoVE Corp$c2016
=300  \\$aonline resource (457 seconds)
=490  0\$aMedicine
=500  \\$aTitle from resource description page
=520  \\$aNumerous studies using gastric bypass rat models have been recently conducted to uncover the underlying physiological mechanisms of Roux-en-Y gastric bypass operations. This article aims to demonstrate and discuss the technical and experimental details of our published gastric bypass rat model to understand advantages and limitations of this experimental tool.
=521  \\$aFor undergraduate, graduate, and professional students
=546  \\$aEnglish
=650  \0$aMedicine
=856  40$uhttps://www.jove.com/video/3940
=945  \\$aThe Whole World

