=LDR  00979ngm a2200000i 4500
=001  JoVEMedicine3705
=008  161201s2016\\\\xx\\\\\g\\\\\\s\\\\\eng\d
=035  \\$a(OCoLC)733445860
=040  \\$aVaAlASP$cVaAlASP
=100  1\$aMagee,Michael C.
=245  12$aImproving IV Insulin Administration in a Community Hospital$h[electronic resource]
=260  \\$aCambridge, MA$bMyJoVE Corp$c2016
=300  \\$aonline resource (728 seconds)
=490  0\$aMedicine
=500  \\$aTitle from resource description page
=520  \\$aWhen compared to the previous paper protocol, implementation of a computerized glucose management system results in a substantial increase in blood glucose concentration measurements within the target range. Using a computerized glucose management system to monitor blood glucose levels, decreases in severe hypoglycemia (<40 mg/dL), clinical hypoglycemia (<70 mg/dL), and hyperglycemia (>180 mg/dL) also can be observed.
=521  \\$aFor undergraduate, graduate, and professional students
=546  \\$aEnglish
=650  \0$aMedicine
=856  40$uhttps://www.jove.com/video/3705
=945  \\$aThe Whole World

