=LDR  00883ngm a2200000i 4500
=001  JoVEBiology4019
=008  161201s2016\\\\xx\\\\\g\\\\\\s\\\\\eng\d
=035  \\$a(OCoLC)733445860
=040  \\$aVaAlASP$cVaAlASP
=100  1\$aPorta-de-la-Riva,Montserrat
=245  12$aBasic Caenorhabditis elegans Methods: Synchronization and Observation$h[electronic resource]
=260  \\$aCambridge, MA$bMyJoVE Corp$c2016
=300  \\$aonline resource (694 seconds)
=490  0\$aBiology
=500  \\$aTitle from resource description page
=520  \\$aThe easiness of maintaining and propagating the nematode C. elegans make it a nice model organism to work with. The possibility of synchronizing worms allows the work with a significant amount of subjects at the same developmental stage, what facilitates the study of one particular process in many animals.
=521  \\$aFor undergraduate, graduate, and professional students
=546  \\$aEnglish
=650  \0$aBiology
=856  40$uhttps://www.jove.com/video/4019
=945  \\$aThe Whole World

