=LDR  00854ngm a2200000i 4500
=001  JoVEBiology3813
=008  161201s2016\\\\xx\\\\\g\\\\\\s\\\\\eng\d
=035  \\$a(OCoLC)733445860
=040  \\$aVaAlASP$cVaAlASP
=100  1\$aWu,Chia-Yen
=245  12$aEfficient Differentiation of Mouse Embryonic Stem Cells into Motor Neurons$h[electronic resource]
=260  \\$aCambridge, MA$bMyJoVE Corp$c2016
=300  \\$aonline resource (582 seconds)
=490  0\$aBiology
=500  \\$aTitle from resource description page
=520  \\$aWe developed a new protocol to improve efficiency of in vitro differentiation of mouse embryonic stem cells into motor neurons. The differentiated ES cells acquired motor neurons features as evidenced by expression of neuronal and motor neuron markers using immunohistochemical techniques.
=521  \\$aFor undergraduate, graduate, and professional students
=546  \\$aEnglish
=650  \0$aBiology
=856  40$uhttps://www.jove.com/video/3813
=945  \\$aThe Whole World

