=LDR  00887ngm a2200000i 4500
=001  JoVEBiology4035
=008  161201s2016\\\\xx\\\\\g\\\\\\s\\\\\eng\d
=035  \\$a(OCoLC)733445860
=040  \\$aVaAlASP$cVaAlASP
=100  1\$aRay,Valerie A.
=245  12$aA Semi-quantitative Approach to Assess Biofilm Formation Using Wrinkled Colony Development$h[electronic resource]
=260  \\$aCambridge, MA$bMyJoVE Corp$c2016
=300  \\$aonline resource (677 seconds)
=490  0\$aBiology
=500  \\$aTitle from resource description page
=520  \\$aWe provide a simple, semi-quantitative method to investigate biofilm formation in vitro. This method takes advantage of the Zeiss stemi 2000-C Dissecting Microscope (with camera attachment) to monitor both the timing and pattern of biofilm formation, as assessed by the development of wrinkled colonies.
=521  \\$aFor undergraduate, graduate, and professional students
=546  \\$aEnglish
=650  \0$aBiology
=856  40$uhttps://www.jove.com/video/4035
=945  \\$aThe Whole World

