=LDR  00719ngm a2200000i 4500
=001  JoVEBiology4013
=008  161201s2016\\\\xx\\\\\g\\\\\\s\\\\\eng\d
=035  \\$a(OCoLC)733445860
=040  \\$aVaAlASP$cVaAlASP
=100  1\$aStröm,Jakob O.
=245  12$aOvariectomy and 17β-estradiol Replacement in Rats and Mice: A Visual Demonstration$h[electronic resource]
=260  \\$aCambridge, MA$bMyJoVE Corp$c2016
=300  \\$aonline resource (411 seconds)
=490  0\$aBiology
=500  \\$aTitle from resource description page
=520  \\$aOvariectomy and subsequent replacement of 17β-estradiol by means of silastic capsules and peroral Nutella are demonstrated in rats and mice.
=521  \\$aFor undergraduate, graduate, and professional students
=546  \\$aEnglish
=650  \0$aBiology
=856  40$uhttps://www.jove.com/video/4013
=945  \\$aThe Whole World

