=LDR  00868ngm a2200000i 4500
=001  JoVEMedicine4129
=008  161201s2016\\\\xx\\\\\g\\\\\\s\\\\\eng\d
=035  \\$a(OCoLC)733445860
=040  \\$aVaAlASP$cVaAlASP
=100  1\$aStovall,Daniel B.
=245  12$aDNA Vector-based RNA Interference to Study Gene Function in Cancer$h[electronic resource]
=260  \\$aCambridge, MA$bMyJoVE Corp$c2016
=300  \\$aonline resource (790 seconds)
=490  0\$aMedicine
=500  \\$aTitle from resource description page
=520  \\$aRNA interference (RNAi) possesses many advantages over gene knockout and has been broadly used as a tool in gene functional studies. The invention of DNA vector-based RNAi technology has made long term and inducible gene knockdown possible, and also increased the feasibility of gene silencing in vivo.
=521  \\$aFor undergraduate, graduate, and professional students
=546  \\$aEnglish
=650  \0$aMedicine
=856  40$uhttps://www.jove.com/video/4129
=945  \\$aThe Whole World

