=LDR  00969ngm a2200000i 4500
=001  JoVEBiology3620
=008  161201s2016\\\\xx\\\\\g\\\\\\s\\\\\eng\d
=035  \\$a(OCoLC)733445860
=040  \\$aVaAlASP$cVaAlASP
=100  1\$aKampf,Caroline
=245  12$aProduction of Tissue Microarrays, Immunohistochemistry Staining and Digitalization Within the Human Protein Atlas$h[electronic resource]
=260  \\$aCambridge, MA$bMyJoVE Corp$c2016
=300  \\$aonline resource (548 seconds)
=490  0\$aBiology
=500  \\$aTitle from resource description page
=520  \\$aTissue microarrays allows for an efficient method to gain concurrent information from a multitude of tissues. Representative parts of tissues are assembled into a single paraffin block. Sections from the block are used for immunohistochemistry and analysis of protein expression patterns. Digital scanning generates corresponding images for distribution of data.
=521  \\$aFor undergraduate, graduate, and professional students
=546  \\$aEnglish
=650  \0$aBiology
=856  40$uhttps://www.jove.com/video/3620
=945  \\$aThe Whole World

