=LDR  00947ngm a2200000i 4500
=001  JoVEBiology2754
=008  161201s2016\\\\xx\\\\\g\\\\\\s\\\\\eng\d
=035  \\$a(OCoLC)733445860
=040  \\$aVaAlASP$cVaAlASP
=100  1\$aSanders,Erin R.
=245  12$aAseptic Laboratory Techniques: Volume Transfers with Serological Pipettes and Micropipettors$h[electronic resource]
=260  \\$aCambridge, MA$bMyJoVE Corp$c2016
=300  \\$aonline resource (703 seconds)
=490  0\$aBiology
=500  \\$aTitle from resource description page
=520  \\$aWhen working in a laboratory, it is imperative to minimize sources of contamination. Aseptic technique refers to procedures that permit transfer of cultures and reagents while avoiding contact with non-sterile surfaces. Serological pipettes and micropipettors are used to measure precise volumes without compromising sterility of solutions used in experiments.
=521  \\$aFor undergraduate, graduate, and professional students
=546  \\$aEnglish
=650  \0$aBiology
=856  40$uhttps://www.jove.com/video/2754
=945  \\$aThe Whole World

