=LDR  01069ngm a2200000i 4500
=001  JoVEMedicine3586
=008  161201s2016\\\\xx\\\\\g\\\\\\s\\\\\eng\d
=035  \\$a(OCoLC)733445860
=040  \\$aVaAlASP$cVaAlASP
=100  1\$aMa,Dennis
=245  12$aEnhancement of Apoptotic and Autophagic Induction by a Novel Synthetic C-1 Analogue of 7-deoxypancratistatin in Human Breast Adenocarcinoma and Neuroblastoma Cells with Tamoxifen$h[electronic resource]
=260  \\$aCambridge, MA$bMyJoVE Corp$c2016
=300  \\$aonline resource (1184 seconds)
=490  0\$aMedicine
=500  \\$aTitle from resource description page
=520  \\$aWe have synthesized a novel analogue of pancratistatin with comparable anti-cancer activity as native pancratistatin; interestingly, combinatory treatment with tamoxifen yielded a drastic enhancement in apoptotic and autophagic induction by mitochondrial targeting with minimal effect on noncancerous fibroblasts. Thus, JCTH-4 in combination with tamoxifen could provide a safe anti-cancer therapy.
=521  \\$aFor undergraduate, graduate, and professional students
=546  \\$aEnglish
=650  \0$aMedicine
=856  40$uhttps://www.jove.com/video/3586
=945  \\$aThe Whole World

