=LDR  00941ngm a2200000i 4500
=001  JoVEBiology3937
=008  161201s2016\\\\xx\\\\\g\\\\\\s\\\\\eng\d
=035  \\$a(OCoLC)733445860
=040  \\$aVaAlASP$cVaAlASP
=100  1\$aSchotte,Lise
=245  12$aA Liquid Phase Affinity Capture Assay Using Magnetic Beads to Study Protein-Protein Interaction: The Poliovirus-Nanobody Example$h[electronic resource]
=260  \\$aCambridge, MA$bMyJoVE Corp$c2016
=300  \\$aonline resource (490 seconds)
=490  0\$aBiology
=500  \\$aTitle from resource description page
=520  \\$aIn this article, a simple, quantitative, liquid phase affinity capture assay is presented. It is a reliable technique based on the interaction between magnetic beads and tagged proteins (e.g. nanobodies) on one hand and the affinity between the tagged protein and a second, labeled protein (e.g. poliovirus) on the other.
=521  \\$aFor undergraduate, graduate, and professional students
=546  \\$aEnglish
=650  \0$aBiology
=856  40$uhttps://www.jove.com/video/3937
=945  \\$aThe Whole World

