=LDR  00892ngm a2200000i 4500
=001  JoVEBiology3599
=008  161201s2016\\\\xx\\\\\g\\\\\\s\\\\\eng\d
=035  \\$a(OCoLC)733445860
=040  \\$aVaAlASP$cVaAlASP
=100  1\$aRouger,Vincent
=245  12$aMapping Molecular Diffusion in the Plasma Membrane by Multiple-Target Tracing (MTT)$h[electronic resource]
=260  \\$aCambridge, MA$bMyJoVE Corp$c2016
=300  \\$aonline resource (739 seconds)
=490  0\$aBiology
=500  \\$aTitle from resource description page
=520  \\$aMultiple-Target Tracing is a homemade algorithm developed for tracking individually labeled molecules within the plasma membrane of living cells. Efficiently detecting, estimating and tracing molecules over time at high-density provide a user-friendly, comprehensive tool to investigate nanoscale membrane dynamics.
=521  \\$aFor undergraduate, graduate, and professional students
=546  \\$aEnglish
=650  \0$aBiology
=856  40$uhttps://www.jove.com/video/3599
=945  \\$aThe Whole World

