=LDR  00800ngm a2200000i 4500
=001  JoVEBiology3865
=008  161201s2016\\\\xx\\\\\g\\\\\\s\\\\\eng\d
=035  \\$a(OCoLC)733445860
=040  \\$aVaAlASP$cVaAlASP
=100  1\$aPedroso,Gabriela L.
=245  12$aBlood Collection for Biochemical Analysis in Adult Zebrafish$h[electronic resource]
=260  \\$aCambridge, MA$bMyJoVE Corp$c2016
=300  \\$aonline resource (191 seconds)
=490  0\$aBiology
=500  \\$aTitle from resource description page
=520  \\$aThis paper presents a technique for collection of blood from the dorsal aorta of Zebrafish. It also provides instructions for obtaining serum for use in biochemical analyses, such as tests for determining cholesterol and triglyceride levels.
=521  \\$aFor undergraduate, graduate, and professional students
=546  \\$aEnglish
=650  \0$aBiology
=856  40$uhttps://www.jove.com/video/3865
=945  \\$aThe Whole World

