=LDR  01018ngm a2200000i 4500
=001  JoVEMedicine4068
=008  161201s2016\\\\xx\\\\\g\\\\\\s\\\\\eng\d
=035  \\$a(OCoLC)733445860
=040  \\$aVaAlASP$cVaAlASP
=100  1\$aCampbell-Thompson,Martha L.
=245  12$aStaining Protocols for Human Pancreatic Islets$h[electronic resource]
=260  \\$aCambridge, MA$bMyJoVE Corp$c2016
=300  \\$aonline resource (468 seconds)
=490  0\$aMedicine
=500  \\$aTitle from resource description page
=520  \\$aThis video demonstrates procedures for characterization of human pancreatic islets using hematoxylin and eosin (H&E) and immunohistochemistry (IHC).  Pancreatic sections from head, body, and tail regions are stained by both H&E and IHC to determine islet endocrine composition (insulin, glucagon, and pancreatic polypeptide), cell replication (Ki67), and inflammatory infiltrates (H&E, CD3). The uncinate region is localized using IHC for pancreatic polypeptide.
=521  \\$aFor undergraduate, graduate, and professional students
=546  \\$aEnglish
=650  \0$aMedicine
=856  40$uhttps://www.jove.com/video/4068
=945  \\$aThe Whole World

