=LDR  00789ngm a2200000i 4500
=001  JoVEMedicine4039
=008  161201s2016\\\\xx\\\\\g\\\\\\s\\\\\eng\d
=035  \\$a(OCoLC)733445860
=040  \\$aVaAlASP$cVaAlASP
=100  1\$aCampbell-Thompson,Martha L.
=245  12$aCollection Protocol for Human Pancreas$h[electronic resource]
=260  \\$aCambridge, MA$bMyJoVE Corp$c2016
=300  \\$aonline resource (469 seconds)
=490  0\$aMedicine
=500  \\$aTitle from resource description page
=520  \\$aThis video demonstrates a dissection procedure for processing human pancreas into multiple storage formats. Anatomical orientation is maintained throughout the pancreatic regions to allow definition of regional islet composition and density.
=521  \\$aFor undergraduate, graduate, and professional students
=546  \\$aEnglish
=650  \0$aMedicine
=856  40$uhttps://www.jove.com/video/4039
=945  \\$aThe Whole World

