=LDR  00984ngm a2200000i 4500
=001  JoVEBiology4045
=008  161201s2016\\\\xx\\\\\g\\\\\\s\\\\\eng\d
=035  \\$a(OCoLC)733445860
=040  \\$aVaAlASP$cVaAlASP
=100  1\$aFleisig,Helen
=245  12$aMeasuring Cell Cycle Progression Kinetics with Metabolic Labeling and Flow Cytometry$h[electronic resource]
=260  \\$aCambridge, MA$bMyJoVE Corp$c2016
=300  \\$aonline resource (683 seconds)
=490  0\$aBiology
=500  \\$aTitle from resource description page
=520  \\$aTracking subtle changes in the progression and kinetics of cell cycle stages can be accomplished by use of a combination of metabolic labeling of nucleic acids with BrdU and total genomic DNA staining via Propidium Iodide.  This method avoids the need of chemical synchronization of cycling cells, thereby preventing the introduction of non-specific DNA damage, which in turn affects cell cycle progression.
=521  \\$aFor undergraduate, graduate, and professional students
=546  \\$aEnglish
=650  \0$aBiology
=856  40$uhttps://www.jove.com/video/4045
=945  \\$aThe Whole World

