=LDR  00988ngm a2200000i 4500
=001  JoVEBiology3998
=008  161201s2016\\\\xx\\\\\g\\\\\\s\\\\\eng\d
=035  \\$a(OCoLC)733445860
=040  \\$aVaAlASP$cVaAlASP
=100  1\$aLorenz,Todd C.
=245  12$aPolymerase Chain Reaction: Basic Protocol Plus Troubleshooting and Optimization Strategies$h[electronic resource]
=260  \\$aCambridge, MA$bMyJoVE Corp$c2016
=300  \\$aonline resource (540 seconds)
=490  0\$aBiology
=500  \\$aTitle from resource description page
=520  \\$aPCR has emerged as a common technique in many molecular biology laboratories.  Provided here is a quick guide to several conventional PCR protocols.   Because each reaction is a unique experiment, optimal conditions required to generate a product vary.  Understanding the variables in a reaction will greatly enhance troubleshooting efficiency, thereby increasing the chance to obtain the desired result.
=521  \\$aFor undergraduate, graduate, and professional students
=546  \\$aEnglish
=650  \0$aBiology
=856  40$uhttps://www.jove.com/video/3998
=945  \\$aThe Whole World

