=LDR  00923ngm a2200000i 4500
=001  JoVEBiology3954
=008  161201s2016\\\\xx\\\\\g\\\\\\s\\\\\eng\d
=035  \\$a(OCoLC)733445860
=040  \\$aVaAlASP$cVaAlASP
=100  1\$aYang,Ming
=245  12$aRat Mesentery Exteriorization: A Model for Investigating the Cellular Dynamics Involved in Angiogenesis$h[electronic resource]
=260  \\$aCambridge, MA$bMyJoVE Corp$c2016
=300  \\$aonline resource (749 seconds)
=490  0\$aBiology
=500  \\$aTitle from resource description page
=520  \\$aThis article describes a simple model for stimulating angiogenesis in the rat mesentery. The model produces dramatic increases in capillary sprouting, vascular area and vascular density over a relatively short time course in a tissue that allows en face visualization of entire microvascular networks down to the single cell level.
=521  \\$aFor undergraduate, graduate, and professional students
=546  \\$aEnglish
=650  \0$aBiology
=856  40$uhttps://www.jove.com/video/3954
=945  \\$aThe Whole World

