=LDR  00933ngm a2200000i 4500
=001  JoVEBiology3767
=008  161201s2016\\\\xx\\\\\g\\\\\\s\\\\\eng\d
=035  \\$a(OCoLC)733445860
=040  \\$aVaAlASP$cVaAlASP
=100  1\$aLiang,Chao
=245  12$aGC-based Detection of Aldononitrile Acetate Derivatized Glucosamine and Muramic Acid for Microbial Residue Determination in Soil$h[electronic resource]
=260  \\$aCambridge, MA$bMyJoVE Corp$c2016
=300  \\$aonline resource (666 seconds)
=490  0\$aBiology
=500  \\$aTitle from resource description page
=520  \\$aWe describe a method protocol for the GC-based analysis of the aldonitrile acetate derivatives of glucosamine and muramic acid extracted from soil. For elucidation of the chemical mechanism, we also present a strategy to confirm the structure of the derivative and the ion fragments formed upon electron ionization.
=521  \\$aFor undergraduate, graduate, and professional students
=546  \\$aEnglish
=650  \0$aBiology
=856  40$uhttps://www.jove.com/video/3767
=945  \\$aThe Whole World

