=LDR  00901ngm a2200000i 4500
=001  JoVEMedicine3999
=008  161201s2016\\\\xx\\\\\g\\\\\\s\\\\\eng\d
=035  \\$a(OCoLC)733445860
=040  \\$aVaAlASP$cVaAlASP
=100  1\$aBristow,Cynthia L.
=245  12$aThe α-test: Rapid Cell-free CD4 Enumeration Using Whole Saliva$h[electronic resource]
=260  \\$aCambridge, MA$bMyJoVE Corp$c2016
=300  \\$aonline resource (682 seconds)
=490  0\$aMedicine
=500  \\$aTitle from resource description page
=520  \\$aA CD4 enumeration method, the α-test, is described which uses whole saliva to provide rapid and accurate CD4 counts. The α-test costs pennies and eliminates the need for technical training, costly reagents such as monoclonal antibodies, instrumentation, refrigeration, transport of samples, as well as collection and handling of blood.
=521  \\$aFor undergraduate, graduate, and professional students
=546  \\$aEnglish
=650  \0$aMedicine
=856  40$uhttps://www.jove.com/video/3999
=945  \\$aThe Whole World

