=LDR  00894ngm a2200000i 4500
=001  JoVEMedicine3874
=008  161201s2016\\\\xx\\\\\g\\\\\\s\\\\\eng\d
=035  \\$a(OCoLC)733445860
=040  \\$aVaAlASP$cVaAlASP
=100  1\$aGordanpour,Aida
=245  12$aMicroRNA Detection in Prostate Tumors by Quantitative Real-time PCR (qPCR)$h[electronic resource]
=260  \\$aCambridge, MA$bMyJoVE Corp$c2016
=300  \\$aonline resource (510 seconds)
=490  0\$aMedicine
=500  \\$aTitle from resource description page
=520  \\$aQuantitative Real Time polymerase chain reaction (qPCR) is a rapid and sensitive method to investigate the expression levels of various microRNA (miRNA) molecules in tumor samples. Using this method expression of hundreds of different miRNA molecules can be amplified, quantified, and analyzed from the same cDNA template.
=521  \\$aFor undergraduate, graduate, and professional students
=546  \\$aEnglish
=650  \0$aMedicine
=856  40$uhttps://www.jove.com/video/3874
=945  \\$aThe Whole World

