=LDR  00928ngm a2200000i 4500
=001  JoVEBiology4202
=008  161201s2016\\\\xx\\\\\g\\\\\\s\\\\\eng\d
=035  \\$a(OCoLC)733445860
=040  \\$aVaAlASP$cVaAlASP
=100  1\$aPawlowski,David R.
=245  12$aElectricity-Free, Sequential Nucleic Acid and Protein Isolation$h[electronic resource]
=260  \\$aCambridge, MA$bMyJoVE Corp$c2016
=300  \\$aonline resource (592 seconds)
=490  0\$aBiology
=500  \\$aTitle from resource description page
=520  \\$aA tool and chemistries are described to sequentially isolate nucleic acids followed by proteins from a sample without the need for electricity. The tool consists of a sorbent held within a transfer pipette while the isolation chemistries are based on solid-phase extraction principles. The isolated macromolecules can be analyzed by immuno-based and PCR-based assays.
=521  \\$aFor undergraduate, graduate, and professional students
=546  \\$aEnglish
=650  \0$aBiology
=856  40$uhttps://www.jove.com/video/4202
=945  \\$aThe Whole World

