=LDR  00742ngm a2200000i 4500
=001  JoVEBiology4112
=008  161201s2016\\\\xx\\\\\g\\\\\\s\\\\\eng\d
=035  \\$a(OCoLC)733445860
=040  \\$aVaAlASP$cVaAlASP
=100  1\$aPfeiffer,Conrad T.
=245  12$aSolid Phase Synthesis of a Functionalized Bis-Peptide Using "Safety Catch" Methodology$h[electronic resource]
=260  \\$aCambridge, MA$bMyJoVE Corp$c2016
=300  \\$aonline resource (702 seconds)
=490  0\$aBiology
=500  \\$aTitle from resource description page
=520  \\$aThe efficient solid-phase peptide synthesis of a functionalized bis-peptide trimer utilizing a "safety catch" cleavage procedure from HMBA resin is described.
=521  \\$aFor undergraduate, graduate, and professional students
=546  \\$aEnglish
=650  \0$aBiology
=856  40$uhttps://www.jove.com/video/4112
=945  \\$aThe Whole World

