=LDR  00936ngm a2200000i 4500
=001  JoVEBiology3585
=008  161201s2016\\\\xx\\\\\g\\\\\\s\\\\\eng\d
=035  \\$a(OCoLC)733445860
=040  \\$aVaAlASP$cVaAlASP
=100  1\$aJain,Prachi
=245  12$aQuantitative Analysis of Random Migration of Cells Using Time-lapse Video Microscopy$h[electronic resource]
=260  \\$aCambridge, MA$bMyJoVE Corp$c2016
=300  \\$aonline resource (447 seconds)
=490  0\$aBiology
=500  \\$aTitle from resource description page
=520  \\$aThis method allows monitoring of cells in real time and quantitative measurements of different cell migration parameters such as speed, displacement, and velocity. Unlike the traditional methods, this real time approach is not based on endpoint quantitative migration measurements; instead it allows monitoring and calculating different parameters continuously.
=521  \\$aFor undergraduate, graduate, and professional students
=546  \\$aEnglish
=650  \0$aBiology
=856  40$uhttps://www.jove.com/video/3585
=945  \\$aThe Whole World

