=LDR  00741ngm a2200000i 4500
=001  JoVEBiology3066
=008  161201s2016\\\\xx\\\\\g\\\\\\s\\\\\eng\d
=035  \\$a(OCoLC)733445860
=040  \\$aVaAlASP$cVaAlASP
=100  1\$aMoreno,Luis A.
=245  12$aAbsolute Quantum Yield Measurement of Powder Samples$h[electronic resource]
=260  \\$aCambridge, MA$bMyJoVE Corp$c2016
=300  \\$aonline resource (860 seconds)
=490  0\$aBiology
=500  \\$aTitle from resource description page
=520  \\$aIn this video we will demonstrate measuring and calculating absolute quantum yield and chromaticity coordinates directly in powder samples using the Hitachi F-7000 Quantum Yield Measuring System.
=521  \\$aFor undergraduate, graduate, and professional students
=546  \\$aEnglish
=650  \0$aBiology
=856  40$uhttps://www.jove.com/video/3066
=945  \\$aThe Whole World

