=LDR  00856ngm a2200000i 4500
=001  JoVEBiology3903
=008  161201s2016\\\\xx\\\\\g\\\\\\s\\\\\eng\d
=035  \\$a(OCoLC)733445860
=040  \\$aVaAlASP$cVaAlASP
=100  1\$aMehta,Rohini
=245  12$aDo-It-Yourself Device for Recovery of Cryopreserved Samples Accidentally Dropped into Cryogenic Storage Tanks $h[electronic resource]
=260  \\$aCambridge, MA$bMyJoVE Corp$c2016
=300  \\$aonline resource (347 seconds)
=490  0\$aBiology
=500  \\$aTitle from resource description page
=520  \\$aHere we present a low cost, durable cryotolerant device for sample retrieval from Dewar tanks filled with liquid nitrogen. The ease of construction and modular design of the device makes the process of sample retrieval from cryogenic tanks safe and easy.
=521  \\$aFor undergraduate, graduate, and professional students
=546  \\$aEnglish
=650  \0$aBiology
=856  40$uhttps://www.jove.com/video/3903
=945  \\$aThe Whole World

