=LDR  00879ngm a2200000i 4500
=001  JoVEBiology3064
=008  161201s2016\\\\xx\\\\\g\\\\\\s\\\\\eng\d
=035  \\$a(OCoLC)733445860
=040  \\$aVaAlASP$cVaAlASP
=100  1\$aSanders,Erin R.
=245  12$aAseptic Laboratory Techniques: Plating Methods$h[electronic resource]
=260  \\$aCambridge, MA$bMyJoVE Corp$c2016
=300  \\$aonline resource (1080 seconds)
=490  0\$aBiology
=500  \\$aTitle from resource description page
=520  \\$aWhen working with media and reagents used to culture microorganisms, aseptic technique must be practiced to ensure contamination is minimized. A variety of plating methods are routinely used to isolate, propagate, or enumerate bacteria and phage, all of which incorporate procedures that maintain the sterility of experimental materials.
=521  \\$aFor undergraduate, graduate, and professional students
=546  \\$aEnglish
=650  \0$aBiology
=856  40$uhttps://www.jove.com/video/3064
=945  \\$aThe Whole World

