=LDR  00886ngm a2200000i 4500
=001  JoVEMedicine3914
=008  161201s2016\\\\xx\\\\\g\\\\\\s\\\\\eng\d
=035  \\$a(OCoLC)733445860
=040  \\$aVaAlASP$cVaAlASP
=100  1\$aAmbrosio,Fabrisia
=245  12$aA Murine Model of Muscle Training by Neuromuscular Electrical Stimulation$h[electronic resource]
=260  \\$aCambridge, MA$bMyJoVE Corp$c2016
=300  \\$aonline resource (504 seconds)
=490  0\$aMedicine
=500  \\$aTitle from resource description page
=520  \\$aA murine model of neuromuscular electrical stimulation (NMES), a safe and inexpensive clinical modality, to the anterior compartment muscles is described.  This model has the advantage of modifying a readily available clinical device for the purpose of eliciting targeted and specific muscle contractions in mice.
=521  \\$aFor undergraduate, graduate, and professional students
=546  \\$aEnglish
=650  \0$aMedicine
=856  40$uhttps://www.jove.com/video/3914
=945  \\$aThe Whole World

