=LDR  00776ngm a2200000i 4500
=001  JoVEMedicine3663
=008  161201s2016\\\\xx\\\\\g\\\\\\s\\\\\eng\d
=035  \\$a(OCoLC)733445860
=040  \\$aVaAlASP$cVaAlASP
=100  1\$aHua,Xiaoqin
=245  12$aHuman Internal Mammary Artery (IMA) Transplantation and Stenting: A Human Model to Study the Development of In-Stent Restenosis$h[electronic resource]
=260  \\$aCambridge, MA$bMyJoVE Corp$c2016
=300  \\$aonline resource (337 seconds)
=490  0\$aMedicine
=500  \\$aTitle from resource description page
=520  \\$aThis video shows a model to study the development of intimal hyperplasia after stent deployment using a human vessel (IMA) in an immunodeficient rat model.
=521  \\$aFor undergraduate, graduate, and professional students
=546  \\$aEnglish
=650  \0$aMedicine
=856  40$uhttps://www.jove.com/video/3663
=945  \\$aThe Whole World

