=LDR  00808ngm a2200000i 4500
=001  JoVEBiology3931
=008  161201s2016\\\\xx\\\\\g\\\\\\s\\\\\eng\d
=035  \\$a(OCoLC)733445860
=040  \\$aVaAlASP$cVaAlASP
=100  1\$aBeck,John J.
=245  12$aElectroantennographic Bioassay as a Screening Tool for Host Plant Volatiles$h[electronic resource]
=260  \\$aCambridge, MA$bMyJoVE Corp$c2016
=300  \\$aonline resource (763 seconds)
=490  0\$aBiology
=500  \\$aTitle from resource description page
=520  \\$aA method to rapidly screen host plant volatiles by measurement of the electrophysiological response of adult navel orangeworm (Amyelois transitella) antennae to single components and blends via electroantennographic analysis is demonstrated.
=521  \\$aFor undergraduate, graduate, and professional students
=546  \\$aEnglish
=650  \0$aBiology
=856  40$uhttps://www.jove.com/video/3931
=945  \\$aThe Whole World

