=LDR  01032ngm a2200000i 4500
=001  JoVEBiology4002
=008  161201s2016\\\\xx\\\\\g\\\\\\s\\\\\eng\d
=035  \\$a(OCoLC)733445860
=040  \\$aVaAlASP$cVaAlASP
=100  1\$aVyboh,Kishanda
=245  12$aDetection of Viral RNA by Fluorescence in situ Hybridization (FISH)$h[electronic resource]
=260  \\$aCambridge, MA$bMyJoVE Corp$c2016
=300  \\$aonline resource (616 seconds)
=490  0\$aBiology
=500  \\$aTitle from resource description page
=520  \\$aA fluorescence in situ hybridization (FISH) method was developed to visually detect viral genomic RNA using fluorescence microscopy. A probe is made with specificity to the viral RNA that can then be identified using a combination of hybridization and immunofluorescence techniques. This technique offers the advantage of identifying the localization of the viral RNA or DNA at steady-state, providing information on the control of intracellular virus trafficking events.
=521  \\$aFor undergraduate, graduate, and professional students
=546  \\$aEnglish
=650  \0$aBiology
=856  40$uhttps://www.jove.com/video/4002
=945  \\$aThe Whole World

