=LDR  00973ngm a2200000i 4500
=001  JoVEBiology3791
=008  161201s2016\\\\xx\\\\\g\\\\\\s\\\\\eng\d
=035  \\$a(OCoLC)733445860
=040  \\$aVaAlASP$cVaAlASP
=100  1\$aLu,Chen
=245  12$aChemically-blocked Antibody Microarray for Multiplexed High-throughput Profiling of Specific Protein Glycosylation in Complex Samples$h[electronic resource]
=260  \\$aCambridge, MA$bMyJoVE Corp$c2016
=300  \\$aonline resource (801 seconds)
=490  0\$aBiology
=500  \\$aTitle from resource description page
=520  \\$aIn this study, we describe an improved protocol for a multiplexed high-throughput antibody microarray with lectin detection method that can be used in glycosylation profiling of specific proteins. This protocol features new reliable reagents and significantly reduces the time, cost, and lab equipment requirements as compared to the previous procedure.
=521  \\$aFor undergraduate, graduate, and professional students
=546  \\$aEnglish
=650  \0$aBiology
=856  40$uhttps://www.jove.com/video/3791
=945  \\$aThe Whole World

