=LDR  01047ngm a2200000i 4500
=001  JoVEBiology3650
=008  161201s2016\\\\xx\\\\\g\\\\\\s\\\\\eng\d
=035  \\$a(OCoLC)733445860
=040  \\$aVaAlASP$cVaAlASP
=100  1\$aReddick,L. Evan
=245  12$aCorrelative Light and Electron Microscopy (CLEM) as a Tool to Visualize Microinjected Molecules and their Eukaryotic Sub-cellular Targets$h[electronic resource]
=260  \\$aCambridge, MA$bMyJoVE Corp$c2016
=300  \\$aonline resource (550 seconds)
=490  0\$aBiology
=500  \\$aTitle from resource description page
=520  \\$aThe CLEM technique has been adapted to analyze ultrastructural morphology of membranes, organelles, and subcellular structures affected by microinjected molecules. This method combines the powerful techniques of micromanipulation/microinjection, confocal fluorescent microscopy, and electron microscopy to allow millimeter to multi-nanometer resolution. This technique is amenable to a wide variety of applications.
=521  \\$aFor undergraduate, graduate, and professional students
=546  \\$aEnglish
=650  \0$aBiology
=856  40$uhttps://www.jove.com/video/3650
=945  \\$aThe Whole World

