=LDR  00862ngm a2200000i 4500
=001  JoVEMedicine3777
=008  161201s2016\\\\xx\\\\\g\\\\\\s\\\\\eng\d
=035  \\$a(OCoLC)733445860
=040  \\$aVaAlASP$cVaAlASP
=100  1\$aMehta,Nehal N.
=245  12$aQuantification of Atherosclerotic Plaque Activity and Vascular Inflammation using [18-F] Fluorodeoxyglucose Positron Emission Tomography/Computed Tomography (FDG-PET/CT)$h[electronic resource]
=260  \\$aCambridge, MA$bMyJoVE Corp$c2016
=300  \\$aonline resource (602 seconds)
=490  0\$aMedicine
=500  \\$aTitle from resource description page
=520  \\$aThere is great need to identify atherosclerosis non-invasively, and here we demonstrate how FDG-PET/CT can be used to detect and quantify atherosclerotic plaque activity and vascular inflammation.
=521  \\$aFor undergraduate, graduate, and professional students
=546  \\$aEnglish
=650  \0$aMedicine
=856  40$uhttps://www.jove.com/video/3777
=945  \\$aThe Whole World

