=LDR  00873ngm a2200000i 4500
=001  JoVEMedicine3341
=008  161201s2016\\\\xx\\\\\g\\\\\\s\\\\\eng\d
=035  \\$a(OCoLC)733445860
=040  \\$aVaAlASP$cVaAlASP
=100  1\$aChien,Sufan
=245  12$aA Simplified Technique for Producing an Ischemic Wound Model$h[electronic resource]
=260  \\$aCambridge, MA$bMyJoVE Corp$c2016
=300  \\$aonline resource (720 seconds)
=490  0\$aMedicine
=500  \\$aTitle from resource description page
=520  \\$aWe have developed a minimally invasive technique to create a rabbit ischemic ear wound model by dividing the central artery and nerve and the cranial neurovascular bundle. A subcutaneous tunnel then cuts all subcutaneous tissues. This procedure causes minimal skin disruption and can be safely used in diabetic animals.
=521  \\$aFor undergraduate, graduate, and professional students
=546  \\$aEnglish
=650  \0$aMedicine
=856  40$uhttps://www.jove.com/video/3341
=945  \\$aThe Whole World

