=LDR  00824ngm a2200000i 4500
=001  JoVEBiology3770
=008  161201s2016\\\\xx\\\\\g\\\\\\s\\\\\eng\d
=035  \\$a(OCoLC)733445860
=040  \\$aVaAlASP$cVaAlASP
=100  1\$aGoh,Yufen
=245  12$aChromatin Interaction Analysis with Paired-End Tag Sequencing (ChIA-PET) for Mapping Chromatin Interactions and Understanding Transcription Regulation$h[electronic resource]
=260  \\$aCambridge, MA$bMyJoVE Corp$c2016
=300  \\$aonline resource (1315 seconds)
=490  0\$aBiology
=500  \\$aTitle from resource description page
=520  \\$aChromatin Interaction Analysis by Paired-End Tag Sequencing (ChIA-PET) is a method for de novo detection of chromatin interactions, for better understanding of transcriptional control.
=521  \\$aFor undergraduate, graduate, and professional students
=546  \\$aEnglish
=650  \0$aBiology
=856  40$uhttps://www.jove.com/video/3770
=945  \\$aThe Whole World

