=LDR  00958ngm a2200000i 4500
=001  JoVEBiology3760
=008  161201s2016\\\\xx\\\\\g\\\\\\s\\\\\eng\d
=035  \\$a(OCoLC)733445860
=040  \\$aVaAlASP$cVaAlASP
=100  1\$aXu,Kun
=245  12$aIsolation of Mammary Epithelial Cells from Three-dimensional Mixed-cell Spheroid Co-culture$h[electronic resource]
=260  \\$aCambridge, MA$bMyJoVE Corp$c2016
=300  \\$aonline resource (447 seconds)
=490  0\$aBiology
=500  \\$aTitle from resource description page
=520  \\$aA simple method is described for analyzing effects of tissue fibroblasts on associated epithelial cells.  The combination of this method and three-dimensional tissue culture can facilitate analysis of cells after isolation from 3D.  The technique is applicable to cells of varying malignant potential, allowing systematic study of effects of tumor-associated stroma on tumor cells.
=521  \\$aFor undergraduate, graduate, and professional students
=546  \\$aEnglish
=650  \0$aBiology
=856  40$uhttps://www.jove.com/video/3760
=945  \\$aThe Whole World

