=LDR  00877ngm a2200000i 4500
=001  JoVEMedicine3918
=008  161201s2016\\\\xx\\\\\g\\\\\\s\\\\\eng\d
=035  \\$a(OCoLC)733445860
=040  \\$aVaAlASP$cVaAlASP
=100  1\$aDeleyrolle,Loic P.
=245  12$aIdentification and Isolation of Slow-Dividing Cells in Human Glioblastoma Using Carboxy Fluorescein Succinimidyl Ester (CFSE)$h[electronic resource]
=260  \\$aCambridge, MA$bMyJoVE Corp$c2016
=300  \\$aonline resource (714 seconds)
=490  0\$aMedicine
=500  \\$aTitle from resource description page
=520  \\$aThis video protocol demonstrates the application of the fluorescent dye carboxyfluorescein succinimidyl ester (CFSE) for the identification and separation of different sub-populations of cells in human glioblastoma based on frequency of cell division.
=521  \\$aFor undergraduate, graduate, and professional students
=546  \\$aEnglish
=650  \0$aMedicine
=856  40$uhttps://www.jove.com/video/3918
=945  \\$aThe Whole World

