=LDR  00838ngm a2200000i 4500
=001  JoVEBiology3674
=008  161201s2016\\\\xx\\\\\g\\\\\\s\\\\\eng\d
=035  \\$a(OCoLC)733445860
=040  \\$aVaAlASP$cVaAlASP
=100  1\$aButcher,Joshua T.
=245  12$aThe ex vivo Isolated Skeletal Microvessel Preparation for Investigation of Vascular Reactivity$h[electronic resource]
=260  \\$aCambridge, MA$bMyJoVE Corp$c2016
=300  \\$aonline resource (420 seconds)
=490  0\$aBiology
=500  \\$aTitle from resource description page
=520  \\$aAn ex vivo preparation is described for isolation of the largest gracilis muscle resistance arterioles for interrogation of both vascular responses to vasoactive stimuli and the assessment of basic structural properties via passive wall mechanics.
=521  \\$aFor undergraduate, graduate, and professional students
=546  \\$aEnglish
=650  \0$aBiology
=856  40$uhttps://www.jove.com/video/3674
=945  \\$aThe Whole World

