=LDR  00953ngm a2200000i 4500
=001  JoVEBiology3764
=008  161201s2016\\\\xx\\\\\g\\\\\\s\\\\\eng\d
=035  \\$a(OCoLC)733445860
=040  \\$aVaAlASP$cVaAlASP
=100  1\$aChen,Chun-Chun
=245  12$aRadioactive in situ Hybridization for Detecting Diverse Gene Expression Patterns in Tissue$h[electronic resource]
=260  \\$aCambridge, MA$bMyJoVE Corp$c2016
=300  \\$aonline resource (1058 seconds)
=490  0\$aBiology
=500  \\$aTitle from resource description page
=520  \\$aThis protocol is successfully used to quantitatively detect levels and spatial patterns of mRNA expression in multiple tissue types across vertebrate species. The method can detect low abundance transcripts and allows processing of hundreds of slides simultaneously. We present this protocol using expression profiling of avian embryonic brain formation as an example.
=521  \\$aFor undergraduate, graduate, and professional students
=546  \\$aEnglish
=650  \0$aBiology
=856  40$uhttps://www.jove.com/video/3764
=945  \\$aThe Whole World

