=LDR  00924ngm a2200000i 4500
=001  JoVEBiology3501
=008  161201s2016\\\\xx\\\\\g\\\\\\s\\\\\eng\d
=035  \\$a(OCoLC)733445860
=040  \\$aVaAlASP$cVaAlASP
=100  1\$aSigua,Robilyn
=245  12$aIsolation and Purification of Kinesin from Drosophila Embryos$h[electronic resource]
=260  \\$aCambridge, MA$bMyJoVE Corp$c2016
=300  \\$aonline resource (589 seconds)
=490  0\$aBiology
=500  \\$aTitle from resource description page
=520  \\$aThis is a protocol to isolate active full length Kinesin from Drosophila embryos for single-molecule biophysical studies. We show how to collect embryos, make the embryo lysate, and then polymerize microtubules (MTs). Kinesin is purified by immobilizing it on the MTs, spinning down the Kinesin-MT complexes, and then releasing the kinesin from the MTs via ATP addition.
=521  \\$aFor undergraduate, graduate, and professional students
=546  \\$aEnglish
=650  \0$aBiology
=856  40$uhttps://www.jove.com/video/3501
=945  \\$aThe Whole World

