=LDR  00862ngm a2200000i 4500
=001  JoVEMedicine3956
=008  161201s2016\\\\xx\\\\\g\\\\\\s\\\\\eng\d
=035  \\$a(OCoLC)733445860
=040  \\$aVaAlASP$cVaAlASP
=100  1\$aKlomp,Anne
=245  12$aThe Use of Pharmacological-challenge fMRI in Pre-clinical Research: Application to the 5-HT System$h[electronic resource]
=260  \\$aCambridge, MA$bMyJoVE Corp$c2016
=300  \\$aonline resource (687 seconds)
=490  0\$aMedicine
=500  \\$aTitle from resource description page
=520  \\$aThe goal of this technique is to assess serotonin (5-HT) neurotransmitter function in the live and free-breathing animal with pharmacological magnetic resonance imaging (phMRI) and an intravenous challenge with a selective serotonin reuptake inhibitor (SSRI), fluoxetine.
=521  \\$aFor undergraduate, graduate, and professional students
=546  \\$aEnglish
=650  \0$aMedicine
=856  40$uhttps://www.jove.com/video/3956
=945  \\$aThe Whole World

