=LDR  00909ngm a2200000i 4500
=001  JoVEMedicine3689
=008  161201s2016\\\\xx\\\\\g\\\\\\s\\\\\eng\d
=035  \\$a(OCoLC)733445860
=040  \\$aVaAlASP$cVaAlASP
=100  1\$aMurtha,Lucy
=245  12$aEpidural Intracranial Pressure Measurement in Rats Using a Fiber-optic Pressure Transducer$h[electronic resource]
=260  \\$aCambridge, MA$bMyJoVE Corp$c2016
=300  \\$aonline resource (544 seconds)
=490  0\$aMedicine
=500  \\$aTitle from resource description page
=520  \\$aA novel technique to record the pressures within the skull is described. The minimally invasive method uses a fibre-optic pressure sensing system to accurately measure intracranial pressure (ICP) in anaesthetized rats without causing significant brain trauma. The technique may be used in a wide range of experimental models.
=521  \\$aFor undergraduate, graduate, and professional students
=546  \\$aEnglish
=650  \0$aMedicine
=856  40$uhttps://www.jove.com/video/3689
=945  \\$aThe Whole World

