=LDR  00868ngm a2200000i 4500
=001  JoVEBiology3850
=008  161201s2016\\\\xx\\\\\g\\\\\\s\\\\\eng\d
=035  \\$a(OCoLC)733445860
=040  \\$aVaAlASP$cVaAlASP
=100  1\$aVazquez,Maribel
=245  12$aA Fluorescent Screening Assay for Identifying Modulators of GIRK Channels$h[electronic resource]
=260  \\$aCambridge, MA$bMyJoVE Corp$c2016
=300  \\$aonline resource (331 seconds)
=490  0\$aBiology
=500  \\$aTitle from resource description page
=520  \\$aA real-time screening procedure for identifying drugs that interact with G protein-gated inward rectifier K+ (GIRK) channels is described. The assay utilizes membrane potential-sensitive fluorescent dyes to measure GIRK channel activity. This technique is adaptable for use on a number of cell lines.
=521  \\$aFor undergraduate, graduate, and professional students
=546  \\$aEnglish
=650  \0$aBiology
=856  40$uhttps://www.jove.com/video/3850
=945  \\$aThe Whole World

