=LDR  01078ngm a2200000i 4500
=001  JoVEBiology3992
=008  161201s2016\\\\xx\\\\\g\\\\\\s\\\\\eng\d
=035  \\$a(OCoLC)733445860
=040  \\$aVaAlASP$cVaAlASP
=100  1\$aDolhi,Jenna M.
=245  12$aEstablishment of Microbial Eukaryotic Enrichment Cultures from a Chemically Stratified Antarctic Lake and Assessment of Carbon Fixation Potential$h[electronic resource]
=260  \\$aCambridge, MA$bMyJoVE Corp$c2016
=300  \\$aonline resource (877 seconds)
=490  0\$aBiology
=500  \\$aTitle from resource description page
=520  \\$aMicrobial eukaryotes are both a source of photosynthetically-derived carbon and top predatory species in permanently ice-covered Antarctic lakes. This report describes an enrichment culture approach to isolate metabolically versatile microbial eukaryotes from the Antarctic lake, Lake Bonney, and assesses inorganic carbon fixation potential using a radioisotope assay for Ribulose-1,5-bisphophate carboxylase oxygenase (RubisCO) activity.
=521  \\$aFor undergraduate, graduate, and professional students
=546  \\$aEnglish
=650  \0$aBiology
=856  40$uhttps://www.jove.com/video/3992
=945  \\$aThe Whole World

