=LDR  00654ngm a2200000i 4500
=001  JoVEBiology3923
=008  161201s2016\\\\xx\\\\\g\\\\\\s\\\\\eng\d
=035  \\$a(OCoLC)733445860
=040  \\$aVaAlASP$cVaAlASP
=100  1\$aLee,Pei Yun
=245  12$aAgarose Gel Electrophoresis for the Separation of DNA Fragments$h[electronic resource]
=260  \\$aCambridge, MA$bMyJoVE Corp$c2016
=300  \\$aonline resource (430 seconds)
=490  0\$aBiology
=500  \\$aTitle from resource description page
=520  \\$aA basic protocol for the separation of DNA fragments using agarose gel electrophoresis is described.
=521  \\$aFor undergraduate, graduate, and professional students
=546  \\$aEnglish
=650  \0$aBiology
=856  40$uhttps://www.jove.com/video/3923
=945  \\$aThe Whole World

