=LDR  00860ngm a2200000i 4500
=001  JoVEMedicine3885
=008  161201s2016\\\\xx\\\\\g\\\\\\s\\\\\eng\d
=035  \\$a(OCoLC)733445860
=040  \\$aVaAlASP$cVaAlASP
=100  1\$aDeskins,Desirae L.
=245  12$aThe Polyvinyl Alcohol Sponge Model Implantation$h[electronic resource]
=260  \\$aCambridge, MA$bMyJoVE Corp$c2016
=300  \\$aonline resource (383 seconds)
=490  0\$aMedicine
=500  \\$aTitle from resource description page
=520  \\$aA useful tool to analyze the effects of drugs, growth factors, and/or manipulated cells in an animal model of wound repair is described. This technique utilizes the properties of a polyvinyl alcohol (PVA) sponge to deliver and contain the desired treatment and also provide a platform to be excised and analyzed.
=521  \\$aFor undergraduate, graduate, and professional students
=546  \\$aEnglish
=650  \0$aMedicine
=856  40$uhttps://www.jove.com/video/3885
=945  \\$aThe Whole World

