=LDR  00891ngm a2200000i 4500
=001  JoVEMedicine3666
=008  161201s2016\\\\xx\\\\\g\\\\\\s\\\\\eng\d
=035  \\$a(OCoLC)733445860
=040  \\$aVaAlASP$cVaAlASP
=100  1\$aChablais,Fabian
=245  12$aInduction of Myocardial Infarction in Adult Zebrafish Using Cryoinjury$h[electronic resource]
=260  \\$aCambridge, MA$bMyJoVE Corp$c2016
=300  \\$aonline resource (672 seconds)
=490  0\$aMedicine
=500  \\$aTitle from resource description page
=520  \\$aZebrafish represents a valuable model to study the mechanisms of heart regeneration in vertebrates. Here, we present a protocol for induction of a heart infarct in adult zebrafish using cryoinjury. This method results in massive cell death within 20% of the ventricular wall, similar to that observed in mammalian infarcts.
=521  \\$aFor undergraduate, graduate, and professional students
=546  \\$aEnglish
=650  \0$aMedicine
=856  40$uhttps://www.jove.com/video/3666
=945  \\$aThe Whole World

