=LDR  00966ngm a2200000i 4500
=001  JoVEMedicine3793
=008  161201s2016\\\\xx\\\\\g\\\\\\s\\\\\eng\d
=035  \\$a(OCoLC)733445860
=040  \\$aVaAlASP$cVaAlASP
=100  1\$aKunos,Charles
=245  12$aStereotactic Radiosurgery for Gynecologic Cancer$h[electronic resource]
=260  \\$aCambridge, MA$bMyJoVE Corp$c2016
=300  \\$aonline resource (635 seconds)
=490  0\$aMedicine
=500  \\$aTitle from resource description page
=520  \\$aStereotactic body radiotherapy (SBRT) involves image-guided, ablative radiation delivered to cancer targets refractory to chemotherapy or to conventional radiation treatment. The robotic-armed Cyberknife SBRT system, using sophisticated target localization, delivers hypofractionated radiation doses capable of sterilizing cancer targets. This article will consider new therapeutic roles of SBRT for gynecological cancers.
=521  \\$aFor undergraduate, graduate, and professional students
=546  \\$aEnglish
=650  \0$aMedicine
=856  40$uhttps://www.jove.com/video/3793
=945  \\$aThe Whole World

