=LDR  00854ngm a2200000i 4500
=001  JoVEBiology3790
=008  161201s2016\\\\xx\\\\\g\\\\\\s\\\\\eng\d
=035  \\$a(OCoLC)733445860
=040  \\$aVaAlASP$cVaAlASP
=100  1\$aManfra,Loredana
=245  12$aLong-term Lethal Toxicity Test with the Crustacean Artemia franciscana$h[electronic resource]
=260  \\$aCambridge, MA$bMyJoVE Corp$c2016
=300  \\$aonline resource (880 seconds)
=490  0\$aBiology
=500  \\$aTitle from resource description page
=520  \\$aThis study concerns the development and standardization of a valuable methodological protocol to determine long-term (14 days) lethal toxicity exerted by chemical substances, industrial wastewater or sewage and liquid environmental samples on the saltwater crustacean, Artemia franciscana.
=521  \\$aFor undergraduate, graduate, and professional students
=546  \\$aEnglish
=650  \0$aBiology
=856  40$uhttps://www.jove.com/video/3790
=945  \\$aThe Whole World

