=LDR  00992ngm a2200000i 4500
=001  JoVEBiology3872
=008  161201s2016\\\\xx\\\\\g\\\\\\s\\\\\eng\d
=035  \\$a(OCoLC)733445860
=040  \\$aVaAlASP$cVaAlASP
=100  1\$aPrasain,Nutan
=245  12$aPhenotypic and Functional Characterization of Endothelial Colony Forming Cells Derived from Human Umbilical Cord Blood$h[electronic resource]
=260  \\$aCambridge, MA$bMyJoVE Corp$c2016
=300  \\$aonline resource (826 seconds)
=490  0\$aBiology
=500  \\$aTitle from resource description page
=520  \\$aEndothelial colony forming cells (ECFCs) are circulating endothelial cells with robust clonal proliferative potential that display intrinsic in vivo vessel forming ability. Phenotypic and functional characterization of outgrowth endothelial cells derived from CB are important to identify and isolate bona fide ECFCs for potential clinical application in repairing damaged tissues.
=521  \\$aFor undergraduate, graduate, and professional students
=546  \\$aEnglish
=650  \0$aBiology
=856  40$uhttps://www.jove.com/video/3872
=945  \\$aThe Whole World

