=LDR  00968ngm a2200000i 4500
=001  JoVEBiology3809
=008  161201s2016\\\\xx\\\\\g\\\\\\s\\\\\eng\d
=035  \\$a(OCoLC)733445860
=040  \\$aVaAlASP$cVaAlASP
=100  1\$aStefano,Giovanni
=245  12$aFluorescence-microscopy Screening and Next-generation Sequencing: Useful Tools for the Identification of Genes Involved in Organelle Integrity$h[electronic resource]
=260  \\$aCambridge, MA$bMyJoVE Corp$c2016
=300  \\$aonline resource (762 seconds)
=490  0\$aBiology
=500  \\$aTitle from resource description page
=520  \\$aA fundamental quest in cell biology is to define the mechanisms that underlie the identity of the organelles that make eukaryotic cells. Here we propose a method to identify the genes responsible for the morphological and functional integrity of plant organelles using fluorescence microscopy and next-generation sequencing tools.
=521  \\$aFor undergraduate, graduate, and professional students
=546  \\$aEnglish
=650  \0$aBiology
=856  40$uhttps://www.jove.com/video/3809
=945  \\$aThe Whole World

