=LDR  00845ngm a2200000i 4500
=001  JoVEMedicine3926
=008  161201s2016\\\\xx\\\\\g\\\\\\s\\\\\eng\d
=035  \\$a(OCoLC)733445860
=040  \\$aVaAlASP$cVaAlASP
=100  1\$aLi,Wei
=245  12$aUse of Animal Model of Sepsis to Evaluate Novel Herbal Therapies$h[electronic resource]
=260  \\$aCambridge, MA$bMyJoVE Corp$c2016
=300  \\$aonline resource (454 seconds)
=490  0\$aMedicine
=500  \\$aTitle from resource description page
=520  \\$aSepsis refers to a systemic inflammatory response syndrome resulting from a microbial infection, and can be simulated by a surgical technique termed cecal ligation and puncture (CLP).  Here we describe a method to use CLP-induced animal model to screen medicinal herbs for therapeutic agents.
=521  \\$aFor undergraduate, graduate, and professional students
=546  \\$aEnglish
=650  \0$aMedicine
=856  40$uhttps://www.jove.com/video/3926
=945  \\$aThe Whole World

