=LDR  01014ngm a2200000i 4500
=001  JoVEMedicine3552
=008  161201s2016\\\\xx\\\\\g\\\\\\s\\\\\eng\d
=035  \\$a(OCoLC)733445860
=040  \\$aVaAlASP$cVaAlASP
=100  1\$aYu,Yan-yiu
=245  12$aCreating Rigidly Stabilized Fractures for Assessing Intramembranous Ossification, Distraction Osteogenesis, or Healing of Critical Sized Defects$h[electronic resource]
=260  \\$aCambridge, MA$bMyJoVE Corp$c2016
=300  \\$aonline resource (455 seconds)
=490  0\$aMedicine
=500  \\$aTitle from resource description page
=520  \\$aThis article describes a method for stabilizing long bone fractures that is based on the application of modified Ilizarov external fixators 1-3. After application of the fixators and creation of the bone injury, healing can be assessed, distraction osteogenesis can be performed, or non-union or critical sized defect can be created and used to study therapeutic interventions.
=521  \\$aFor undergraduate, graduate, and professional students
=546  \\$aEnglish
=650  \0$aMedicine
=856  40$uhttps://www.jove.com/video/3552
=945  \\$aThe Whole World

