=LDR  01024ngm a2200000i 4500
=001  JoVEBiology3163
=008  161201s2016\\\\xx\\\\\g\\\\\\s\\\\\eng\d
=035  \\$a(OCoLC)733445860
=040  \\$aVaAlASP$cVaAlASP
=100  1\$aEverroad,R. Craig
=245  12$aConcentration of Metabolites from Low-density Planktonic Communities for Environmental Metabolomics using Nuclear Magnetic Resonance Spectroscopy$h[electronic resource]
=260  \\$aCambridge, MA$bMyJoVE Corp$c2016
=300  \\$aonline resource (707 seconds)
=490  0\$aBiology
=500  \\$aTitle from resource description page
=520  \\$aA method for metabolite extraction from microbial planktonic communities is presented. Whole community sampling is achieved by filtration onto specially prepared filters. After lyophilization, aqueous-soluble metabolites are extracted. This approach allows for application of environmental metabolomics to trans-omics investigations of natural or experimental microbial communities.
=521  \\$aFor undergraduate, graduate, and professional students
=546  \\$aEnglish
=650  \0$aBiology
=856  40$uhttps://www.jove.com/video/3163
=945  \\$aThe Whole World

