=LDR  00952ngm a2200000i 4500
=001  JoVEBiology3513
=008  161201s2016\\\\xx\\\\\g\\\\\\s\\\\\eng\d
=035  \\$a(OCoLC)733445860
=040  \\$aVaAlASP$cVaAlASP
=100  1\$aMarquer,Catherine
=245  12$aDetermination of Lipid Raft Partitioning of Fluorescently-tagged Probes in Living Cells by Fluorescence Correlation Spectroscopy (FCS)$h[electronic resource]
=260  \\$aCambridge, MA$bMyJoVE Corp$c2016
=300  \\$aonline resource (659 seconds)
=490  0\$aBiology
=500  \\$aTitle from resource description page
=520  \\$aA technique to probe the lipid raft partitioning of fluorescent proteins at the plasma membrane of living cells is described. It takes advantage of the disparity in diffusion times of proteins located inside or outside of lipid rafts. Acquisition can be performed dynamically in control conditions or after drug addition.
=521  \\$aFor undergraduate, graduate, and professional students
=546  \\$aEnglish
=650  \0$aBiology
=856  40$uhttps://www.jove.com/video/3513
=945  \\$aThe Whole World

