=LDR  00727ngm a2200000i 4500
=001  JoVEBiology3303
=008  161201s2016\\\\xx\\\\\g\\\\\\s\\\\\eng\d
=035  \\$a(OCoLC)733445860
=040  \\$aVaAlASP$cVaAlASP
=100  1\$aCoussens,Matthew J.
=245  12$aGenome-wide Screen for miRNA Targets Using the MISSION Target ID Library$h[electronic resource]
=260  \\$aCambridge, MA$bMyJoVE Corp$c2016
=300  \\$aonline resource (520 seconds)
=490  0\$aBiology
=500  \\$aTitle from resource description page
=520  \\$aThe Target ID Library is a plasmid-based, genome-wide collection of cloned cDNA used to identify miRNA targets. Here we demonstrate its use and application.
=521  \\$aFor undergraduate, graduate, and professional students
=546  \\$aEnglish
=650  \0$aBiology
=856  40$uhttps://www.jove.com/video/3303
=945  \\$aThe Whole World

