=LDR  00916ngm a2200000i 4500
=001  JoVEMedicine3680
=008  161201s2016\\\\xx\\\\\g\\\\\\s\\\\\eng\d
=035  \\$a(OCoLC)733445860
=040  \\$aVaAlASP$cVaAlASP
=100  1\$aSasser,Todd A.
=245  12$aSegmentation and Measurement of Fat Volumes in Murine Obesity Models Using X-ray Computed Tomography$h[electronic resource]
=260  \\$aCambridge, MA$bMyJoVE Corp$c2016
=300  \\$aonline resource (789 seconds)
=490  0\$aMedicine
=500  \\$aTitle from resource description page
=520  \\$aFat content analysis is routinely conducted in studies utilizing murine obesity models.  Emerging methods in small animal CT imaging and analysis are providing for longitudinal detail rich fat content analysis.  Here we detail step by step procedures for performing small animal CT imaging, analysis, and visualization.
=521  \\$aFor undergraduate, graduate, and professional students
=546  \\$aEnglish
=650  \0$aMedicine
=856  40$uhttps://www.jove.com/video/3680
=945  \\$aThe Whole World

