=LDR  00783ngm a2200000i 4500
=001  JoVEMedicine3247
=008  161201s2016\\\\xx\\\\\g\\\\\\s\\\\\eng\d
=035  \\$a(OCoLC)733445860
=040  \\$aVaAlASP$cVaAlASP
=100  1\$aDetloff,Megan Ryan
=245  12$aAcute and Chronic Tactile Sensory Testing after Spinal Cord Injury in Rats$h[electronic resource]
=260  \\$aCambridge, MA$bMyJoVE Corp$c2016
=300  \\$aonline resource (537 seconds)
=490  0\$aMedicine
=500  \\$aTitle from resource description page
=520  \\$aWe describe two tactile sensory testing methods for acute or chronic periods of spinal cord injury in rats.  These validated procedures can detect the development and maintenance of allodynia-like sensations.
=521  \\$aFor undergraduate, graduate, and professional students
=546  \\$aEnglish
=650  \0$aMedicine
=856  40$uhttps://www.jove.com/video/3247
=945  \\$aThe Whole World

