=LDR  00955ngm a2200000i 4500
=001  JoVEBiology3868
=008  161201s2016\\\\xx\\\\\g\\\\\\s\\\\\eng\d
=035  \\$a(OCoLC)733445860
=040  \\$aVaAlASP$cVaAlASP
=100  1\$aRadtke,Andrea L.
=245  12$aCulturing and Applications of Rotating Wall Vessel Bioreactor Derived 3D Epithelial Cell Models$h[electronic resource]
=260  \\$aCambridge, MA$bMyJoVE Corp$c2016
=300  \\$aonline resource (742 seconds)
=490  0\$aBiology
=500  \\$aTitle from resource description page
=520  \\$aA rotating cell culture system that allows epithelial cells to grow under physiological conditions resulting in 3-D cellular aggregate formation is described. The aggregates generated display in vivo-like characteristics not observed in conventional culture models and serve as a more accurate organotypic model system for a multitude of scientific investigations.
=521  \\$aFor undergraduate, graduate, and professional students
=546  \\$aEnglish
=650  \0$aBiology
=856  40$uhttps://www.jove.com/video/3868
=945  \\$aThe Whole World

