=LDR  00843ngm a2200000i 4500
=001  JoVEBiology3804
=008  161201s2016\\\\xx\\\\\g\\\\\\s\\\\\eng\d
=035  \\$a(OCoLC)733445860
=040  \\$aVaAlASP$cVaAlASP
=100  1\$aKim,Kun-Yong
=245  12$aReprogramming Human Somatic Cells into Induced Pluripotent Stem Cells (iPSCs) Using Retroviral Vector with GFP$h[electronic resource]
=260  \\$aCambridge, MA$bMyJoVE Corp$c2016
=300  \\$aonline resource (505 seconds)
=490  0\$aBiology
=500  \\$aTitle from resource description page
=520  \\$aA method to generate human induced pluripotent stem cells (iPSCs) via retrovirus-mediated ectopic expression of OCT4, SOX2, KLF4 and MYC is described. A practical way to identify human iPSC colonies based on GFP expression is also discussed.
=521  \\$aFor undergraduate, graduate, and professional students
=546  \\$aEnglish
=650  \0$aBiology
=856  40$uhttps://www.jove.com/video/3804
=945  \\$aThe Whole World

