=LDR  00804ngm a2200000i 4500
=001  JoVEBiology3840
=008  161201s2016\\\\xx\\\\\g\\\\\\s\\\\\eng\d
=035  \\$a(OCoLC)733445860
=040  \\$aVaAlASP$cVaAlASP
=100  1\$aPietrosimone,Kathryn M.
=245  12$aMeasurement of Cellular Chemotaxis with ECIS/Taxis$h[electronic resource]
=260  \\$aCambridge, MA$bMyJoVE Corp$c2016
=300  \\$aonline resource (697 seconds)
=490  0\$aBiology
=500  \\$aTitle from resource description page
=520  \\$aThe ECIS/Taxis system is an automated, real-time assay that measures cellular chemotaxis.  In this assay, cells move beneath a layer of agarose to arrive at a target electrode.  Cellular movement is measured by the onset of resistance to AC current 0.
=521  \\$aFor undergraduate, graduate, and professional students
=546  \\$aEnglish
=650  \0$aBiology
=856  40$uhttps://www.jove.com/video/3840
=945  \\$aThe Whole World

