=LDR  00944ngm a2200000i 4500
=001  JoVEBiology3932
=008  161201s2016\\\\xx\\\\\g\\\\\\s\\\\\eng\d
=035  \\$a(OCoLC)733445860
=040  \\$aVaAlASP$cVaAlASP
=100  1\$aWaheed,Faiza
=245  12$aAffinity Precipitation of Active Rho-GEFs Using a GST-tagged Mutant Rho Protein (GST-RhoA(G17A)) from Epithelial Cell Lysates$h[electronic resource]
=260  \\$aCambridge, MA$bMyJoVE Corp$c2016
=300  \\$aonline resource (688 seconds)
=490  0\$aBiology
=500  \\$aTitle from resource description page
=520  \\$aThe method presented here describes an assay to follow activation of RhoA specific GDP/GTP Exchange Factors (GEFs) in cultured cells by making use of a mutant RhoA GST fusion protein that has high affinity for activated GEFs. GEFs are precipitated from cell lysates, detected by Western blotting and quantified by densitometry.
=521  \\$aFor undergraduate, graduate, and professional students
=546  \\$aEnglish
=650  \0$aBiology
=856  40$uhttps://www.jove.com/video/3932
=945  \\$aThe Whole World

