=LDR  00876ngm a2200000i 4500
=001  JoVEBiology3821
=008  161201s2016\\\\xx\\\\\g\\\\\\s\\\\\eng\d
=035  \\$a(OCoLC)733445860
=040  \\$aVaAlASP$cVaAlASP
=100  1\$aVallone,Simona
=245  12$aFruit Volatile Analysis Using an Electronic Nose$h[electronic resource]
=260  \\$aCambridge, MA$bMyJoVE Corp$c2016
=300  \\$aonline resource (662 seconds)
=490  0\$aBiology
=500  \\$aTitle from resource description page
=520  \\$aA rapid method for volatile compound analysis in fruit is described. The volatile compounds present in the headspace of a homogenate of the sample are rapidly separated and detected with ultra-fast gas chromatography (GC) coupled with a surface acoustic wave (SAW) sensor. A procedure for data handling and analysis is also discussed.
=521  \\$aFor undergraduate, graduate, and professional students
=546  \\$aEnglish
=650  \0$aBiology
=856  40$uhttps://www.jove.com/video/3821
=945  \\$aThe Whole World

