=LDR  00925ngm a2200000i 4500
=001  JoVEBiology3529
=008  161201s2016\\\\xx\\\\\g\\\\\\s\\\\\eng\d
=035  \\$a(OCoLC)733445860
=040  \\$aVaAlASP$cVaAlASP
=100  1\$aChatterjee,Subhasish
=245  12$aIsolation and Biophysical Study of Fruit Cuticles$h[electronic resource]
=260  \\$aCambridge, MA$bMyJoVE Corp$c2016
=300  \\$aonline resource (953 seconds)
=490  0\$aBiology
=500  \\$aTitle from resource description page
=520  \\$aAerial plant organs are protected by the cuticle, a supramolecular biopolyester-wax assembly.  We present protocols to monitor selective removal of epi- and intracuticular waxes from tomato fruit cuticles on molecular and micro scales by solid-state NMR and atomic force microscopy, respectively, and to assess the cross-linking capacity of engineered cuticular biopolyesters.
=521  \\$aFor undergraduate, graduate, and professional students
=546  \\$aEnglish
=650  \0$aBiology
=856  40$uhttps://www.jove.com/video/3529
=945  \\$aThe Whole World

