=LDR  00770ngm a2200000i 4500
=001  JoVEBiology3895
=008  161201s2016\\\\xx\\\\\g\\\\\\s\\\\\eng\d
=035  \\$a(OCoLC)733445860
=040  \\$aVaAlASP$cVaAlASP
=100  1\$aCavinder,Brad
=245  12$aSexual Development and Ascospore Discharge in Fusarium graminearum$h[electronic resource]
=260  \\$aCambridge, MA$bMyJoVE Corp$c2016
=300  \\$aonline resource (500 seconds)
=490  0\$aBiology
=500  \\$aTitle from resource description page
=520  \\$aSexual crosses and isolation of recombinant progeny are important research tools for the filamentous fungus, Fusarium graminearum,   The techniques necessary successfully carry out these processes are presented.
=521  \\$aFor undergraduate, graduate, and professional students
=546  \\$aEnglish
=650  \0$aBiology
=856  40$uhttps://www.jove.com/video/3895
=945  \\$aThe Whole World

