=LDR  00970ngm a2200000i 4500
=001  JoVEBiology3632
=008  161201s2016\\\\xx\\\\\g\\\\\\s\\\\\eng\d
=035  \\$a(OCoLC)733445860
=040  \\$aVaAlASP$cVaAlASP
=100  1\$aHyde,David R.
=245  12$aIn vivo Electroporation of Morpholinos into the Regenerating Adult Zebrafish Tail Fin$h[electronic resource]
=260  \\$aCambridge, MA$bMyJoVE Corp$c2016
=300  \\$aonline resource (442 seconds)
=490  0\$aBiology
=500  \\$aTitle from resource description page
=520  \\$aWe describe a method to conditionally knockdown the expression of a target protein during adult zebrafish fin regeneration. This technique involves micro-injecting and electroporating antisense oligonucleotide morpholinos into fin tissue, which allows testing the protein’s role in various stages of fin regeneration, including wound healing, blastema formation, and regenerative outgrowth.
=521  \\$aFor undergraduate, graduate, and professional students
=546  \\$aEnglish
=650  \0$aBiology
=856  40$uhttps://www.jove.com/video/3632
=945  \\$aThe Whole World

