=LDR  00962ngm a2200000i 4500
=001  JoVEBiology3759
=008  161201s2016\\\\xx\\\\\g\\\\\\s\\\\\eng\d
=035  \\$a(OCoLC)733445860
=040  \\$aVaAlASP$cVaAlASP
=100  1\$aJaramillo,Maria
=245  12$aEndothelial Cell Co-culture Mediates Maturation of Human Embryonic Stem Cell to Pancreatic Insulin Producing Cells in a Directed Differentiation Approach$h[electronic resource]
=260  \\$aCambridge, MA$bMyJoVE Corp$c2016
=300  \\$aonline resource (509 seconds)
=490  0\$aBiology
=500  \\$aTitle from resource description page
=520  \\$aThe current study describes a directed differentiation approach in inducing pancreatic differentiation of human embryonic stem cells. Of great significance is the finding that endothelial cell co-culture mediates maturation of human embryonic stem cell derived pancreatic progenitors into insulin expressing cells.
=521  \\$aFor undergraduate, graduate, and professional students
=546  \\$aEnglish
=650  \0$aBiology
=856  40$uhttps://www.jove.com/video/3759
=945  \\$aThe Whole World

