=LDR  00926ngm a2200000i 4500
=001  JoVEMedicine3675
=008  161201s2016\\\\xx\\\\\g\\\\\\s\\\\\eng\d
=035  \\$a(OCoLC)733445860
=040  \\$aVaAlASP$cVaAlASP
=100  1\$aSasson,Noah J.
=245  12$aEye Tracking Young Children with Autism$h[electronic resource]
=260  \\$aCambridge, MA$bMyJoVE Corp$c2016
=300  \\$aonline resource (543 seconds)
=490  0\$aMedicine
=500  \\$aTitle from resource description page
=520  \\$aEye tracking has long been used to study gaze patterns in typically-developing individuals, but recent technological advancements have made its use with clinical populations, including autism, more feasible. While eye-tracking young children with autism can offer insight into early symptom manifestations, it involves methodological challenges. Suggestions for best practices are provided.
=521  \\$aFor undergraduate, graduate, and professional students
=546  \\$aEnglish
=650  \0$aMedicine
=856  40$uhttps://www.jove.com/video/3675
=945  \\$aThe Whole World

