=LDR  00786ngm a2200000i 4500
=001  JoVEBiology3786
=008  161201s2016\\\\xx\\\\\g\\\\\\s\\\\\eng\d
=035  \\$a(OCoLC)733445860
=040  \\$aVaAlASP$cVaAlASP
=100  1\$aTinkerhess,Martin J.
=245  12$aEndurance Training Protocol and Longitudinal Performance Assays for Drosophila melanogaster$h[electronic resource]
=260  \\$aCambridge, MA$bMyJoVE Corp$c2016
=300  \\$aonline resource (589 seconds)
=490  0\$aBiology
=500  \\$aTitle from resource description page
=520  \\$aWe describe the first endurance training protocol for an important genetic model species, Drosophila melanogaster, and outline several assays to chart improvements in mobility following training.
=521  \\$aFor undergraduate, graduate, and professional students
=546  \\$aEnglish
=650  \0$aBiology
=856  40$uhttps://www.jove.com/video/3786
=945  \\$aThe Whole World

