=LDR  00992ngm a2200000i 4500
=001  JoVEBiology3702
=008  161201s2016\\\\xx\\\\\g\\\\\\s\\\\\eng\d
=035  \\$a(OCoLC)733445860
=040  \\$aVaAlASP$cVaAlASP
=100  1\$aJani,Bhairavi
=245  12$aIn vitro Transcription and Capping of Gaussia Luciferase mRNA Followed by HeLa Cell Transfection$h[electronic resource]
=260  \\$aCambridge, MA$bMyJoVE Corp$c2016
=300  \\$aonline resource (535 seconds)
=490  0\$aBiology
=500  \\$aTitle from resource description page
=520  \\$aThis method describes high yield in vitro synthesis of both capped and uncapped mRNA from a linearized plasmid containing the Gaussia luciferase (GLuc) gene. The RNA is purified and a fraction of the uncapped RNA is enzymatically capped using the Vaccinia virus capping enzyme. In the final step, the mRNA is transfected into HeLa cells and cell culture supernatants are assayed for luciferase activity.
=521  \\$aFor undergraduate, graduate, and professional students
=546  \\$aEnglish
=650  \0$aBiology
=856  40$uhttps://www.jove.com/video/3702
=945  \\$aThe Whole World

