=LDR  00772ngm a2200000i 4500
=001  JoVEBiology3912
=008  161201s2016\\\\xx\\\\\g\\\\\\s\\\\\eng\d
=035  \\$a(OCoLC)733445860
=040  \\$aVaAlASP$cVaAlASP
=100  1\$aChu,Ci
=245  12$aChromatin Isolation by RNA Purification (ChIRP)$h[electronic resource]
=260  \\$aCambridge, MA$bMyJoVE Corp$c2016
=300  \\$aonline resource (669 seconds)
=490  0\$aBiology
=500  \\$aTitle from resource description page
=520  \\$aChIRP is a novel and rapid technique to map genomic binding sites of long noncoding RNAs (lncRNAs). The method takes advantage of the specificity of anti-sense tiling oligonucleotides to allow the enumeration of lncRNA-bound genomic sites.
=521  \\$aFor undergraduate, graduate, and professional students
=546  \\$aEnglish
=650  \0$aBiology
=856  40$uhttps://www.jove.com/video/3912
=945  \\$aThe Whole World

