=LDR  00832ngm a2200000i 4500
=001  JoVEBiology3766
=008  161201s2016\\\\xx\\\\\g\\\\\\s\\\\\eng\d
=035  \\$a(OCoLC)733445860
=040  \\$aVaAlASP$cVaAlASP
=100  1\$aParker,Jennifer
=245  12$aProfiling Thiol Redox Proteome Using Isotope Tagging Mass Spectrometry$h[electronic resource]
=260  \\$aCambridge, MA$bMyJoVE Corp$c2016
=300  \\$aonline resource (727 seconds)
=490  0\$aBiology
=500  \\$aTitle from resource description page
=520  \\$aReactive oxygen species level is elevated when cells encounter stress conditions. Here we show the example of 3'-3' diaminobenzidine staining as well as cysTMT labeling and mass spectrometry to profile the redox proteome in Pseudomonas syringae treated tomato leaves.
=521  \\$aFor undergraduate, graduate, and professional students
=546  \\$aEnglish
=650  \0$aBiology
=856  40$uhttps://www.jove.com/video/3766
=945  \\$aThe Whole World

