=LDR  00918ngm a2200000i 4500
=001  JoVEBiology3745
=008  161201s2016\\\\xx\\\\\g\\\\\\s\\\\\eng\d
=035  \\$a(OCoLC)733445860
=040  \\$aVaAlASP$cVaAlASP
=100  1\$aTran,Vuong
=245  12$aChromatin Immunoprecipitation (ChIP) using Drosophila tissue$h[electronic resource]
=260  \\$aCambridge, MA$bMyJoVE Corp$c2016
=300  \\$aonline resource (827 seconds)
=490  0\$aBiology
=500  \\$aTitle from resource description page
=520  \\$aRecently high-throughput sequencing technology has greatly increased sensitivity of Chromatin Immunoprecipitation (ChIP) experiment and prompted its application using purified cells or dissected tissue.  Here we delineate a method to use ChIP technique with Drosophila tissue, which can address the endogenous chromatin state in a well-characterized biological system.
=521  \\$aFor undergraduate, graduate, and professional students
=546  \\$aEnglish
=650  \0$aBiology
=856  40$uhttps://www.jove.com/video/3745
=945  \\$aThe Whole World

