=LDR  00910ngm a2200000i 4500
=001  JoVEMedicine3704
=008  161201s2016\\\\xx\\\\\g\\\\\\s\\\\\eng\d
=035  \\$a(OCoLC)733445860
=040  \\$aVaAlASP$cVaAlASP
=100  1\$aLoucks,Evyn
=245  12$aAssessing Teratogenic Changes in a Zebrafish Model of Fetal Alcohol Exposure$h[electronic resource]
=260  \\$aCambridge, MA$bMyJoVE Corp$c2016
=300  \\$aonline resource (607 seconds)
=490  0\$aMedicine
=500  \\$aTitle from resource description page
=520  \\$aIn order to understand the molecular mechanisms of the ethanol-induced developmental damage, we have developed a zebrafish model of ethanol exposure and are exploring the physical, cellular, and genetic alterations that occur after ethanol exposure1.  We then seek to find potential interventions and rapidly test them in this animal model.
=521  \\$aFor undergraduate, graduate, and professional students
=546  \\$aEnglish
=650  \0$aMedicine
=856  40$uhttps://www.jove.com/video/3704
=945  \\$aThe Whole World

