=LDR  00780ngm a2200000i 4500
=001  JoVEBiology3413
=008  161201s2016\\\\xx\\\\\g\\\\\\s\\\\\eng\d
=035  \\$a(OCoLC)733445860
=040  \\$aVaAlASP$cVaAlASP
=100  1\$aArtioli,Guilherme G.
=245  12$aDetermining the Contribution of the Energy Systems During Exercise$h[electronic resource]
=260  \\$aCambridge, MA$bMyJoVE Corp$c2016
=300  \\$aonline resource (675 seconds)
=490  0\$aBiology
=500  \\$aTitle from resource description page
=520  \\$aThis protocol allows researchers focused on exercise and sports sciences to determine the relative contribution of three different energy systems to the total energy expenditure during a large variety of exercises.
=521  \\$aFor undergraduate, graduate, and professional students
=546  \\$aEnglish
=650  \0$aBiology
=856  40$uhttps://www.jove.com/video/3413
=945  \\$aThe Whole World

