=LDR  00885ngm a2200000i 4500
=001  JoVEBiology3647
=008  161201s2016\\\\xx\\\\\g\\\\\\s\\\\\eng\d
=035  \\$a(OCoLC)733445860
=040  \\$aVaAlASP$cVaAlASP
=100  1\$aBanse,Stephen A.
=245  12$aVampiric Isolation of Extracellular Fluid from Caenorhabditis elegans$h[electronic resource]
=260  \\$aCambridge, MA$bMyJoVE Corp$c2016
=300  \\$aonline resource (513 seconds)
=490  0\$aBiology
=500  \\$aTitle from resource description page
=520  \\$aThe model organism C. elegans uses pseudocoelomic fluid as a passive circulatory system.  Direct assay of this fluid has not been previously possible.  Here we present a novel technique to directly assay the extracellular space, and use systemic silencing signals during an RNAi response as a proof of principle example.
=521  \\$aFor undergraduate, graduate, and professional students
=546  \\$aEnglish
=650  \0$aBiology
=856  40$uhttps://www.jove.com/video/3647
=945  \\$aThe Whole World

