=LDR  00839ngm a2200000i 4500
=001  JoVEBiology3577
=008  161201s2016\\\\xx\\\\\g\\\\\\s\\\\\eng\d
=035  \\$a(OCoLC)733445860
=040  \\$aVaAlASP$cVaAlASP
=100  1\$aMedrzycki,Magdalena
=245  12$aExpression Analysis of Mammalian Linker-histone Subtypes$h[electronic resource]
=260  \\$aCambridge, MA$bMyJoVE Corp$c2016
=300  \\$aonline resource (880 seconds)
=490  0\$aBiology
=500  \\$aTitle from resource description page
=520  \\$aWe describe a set of assays to analyze expression levels of H1 linker histones.  mRNA of individual H1 genes are quantitatively measured by random primer based reverse transcription followed by real-time PCR, whereas protein quantification of H1 histones is achieved by HPLC analysis.
=521  \\$aFor undergraduate, graduate, and professional students
=546  \\$aEnglish
=650  \0$aBiology
=856  40$uhttps://www.jove.com/video/3577
=945  \\$aThe Whole World

