=LDR  00812ngm a2200000i 4500
=001  JoVEMedicine3936
=008  161201s2016\\\\xx\\\\\g\\\\\\s\\\\\eng\d
=035  \\$a(OCoLC)733445860
=040  \\$aVaAlASP$cVaAlASP
=100  1\$aGünther,René
=245  12$aClinical Testing and Spinal Cord Removal in a Mouse Model for Amyotrophic Lateral Sclerosis (ALS)$h[electronic resource]
=260  \\$aCambridge, MA$bMyJoVE Corp$c2016
=300  \\$aonline resource (755 seconds)
=490  0\$aMedicine
=500  \\$aTitle from resource description page
=520  \\$aA mouse model for amyotrophic lateral sclerosis (ALS) is examined clinically and behaviorally. As a prerequisite for an accompanying immunohistological analysis the preparation of the spinal cord is depicted in detail.
=521  \\$aFor undergraduate, graduate, and professional students
=546  \\$aEnglish
=650  \0$aMedicine
=856  40$uhttps://www.jove.com/video/3936
=945  \\$aThe Whole World

