=LDR  00877ngm a2200000i 4500
=001  JoVEMedicine3555
=008  161201s2016\\\\xx\\\\\g\\\\\\s\\\\\eng\d
=035  \\$a(OCoLC)733445860
=040  \\$aVaAlASP$cVaAlASP
=100  1\$aO'Reilly,Meaghan A.
=245  12$aMRI-guided Disruption of the Blood-brain Barrier using Transcranial Focused Ultrasound in a Rat Model$h[electronic resource]
=260  \\$aCambridge, MA$bMyJoVE Corp$c2016
=300  \\$aonline resource (462 seconds)
=490  0\$aMedicine
=500  \\$aTitle from resource description page
=520  \\$aMicrobubble-mediated focused ultrasound disruption of the blood-brain barrier (BBB) is a promising technique for non-invasive targeted drug delivery in the brain1-3. This protocol outlines the experimental procedure for MRI-guided transcranial BBB disruption in a rat model.
=521  \\$aFor undergraduate, graduate, and professional students
=546  \\$aEnglish
=650  \0$aMedicine
=856  40$uhttps://www.jove.com/video/3555
=945  \\$aThe Whole World

