=LDR  00950ngm a2200000i 4500
=001  JoVEMedicine3393
=008  161201s2016\\\\xx\\\\\g\\\\\\s\\\\\eng\d
=035  \\$a(OCoLC)733445860
=040  \\$aVaAlASP$cVaAlASP
=100  1\$aAustin,Paul J.
=245  12$aChronic Constriction of the Sciatic Nerve and Pain Hypersensitivity Testing in Rats$h[electronic resource]
=260  \\$aCambridge, MA$bMyJoVE Corp$c2016
=300  \\$aonline resource (503 seconds)
=490  0\$aMedicine
=500  \\$aTitle from resource description page
=520  \\$aDue to the simplicity of surgery and the robust behavioural outcome, chronic constriction of the sciatic nerve is one of the pre-eminent animal models of neuropathic pain. Within 24 hrs following surgery, pain hypersensitivity is established and can be quantitatively measured using a von Frey aesthesiometer (mechanical test) and plantar analgesia meter (thermal test).
=521  \\$aFor undergraduate, graduate, and professional students
=546  \\$aEnglish
=650  \0$aMedicine
=856  40$uhttps://www.jove.com/video/3393
=945  \\$aThe Whole World

