=LDR  00900ngm a2200000i 4500
=001  JoVEBiology3806
=008  161201s2016\\\\xx\\\\\g\\\\\\s\\\\\eng\d
=035  \\$a(OCoLC)733445860
=040  \\$aVaAlASP$cVaAlASP
=100  1\$aMerget,Benjamin
=245  12$aThe ITS2 Database$h[electronic resource]
=260  \\$aCambridge, MA$bMyJoVE Corp$c2016
=300  \\$aonline resource (977 seconds)
=490  0\$aBiology
=500  \\$aTitle from resource description page
=520  \\$aThe ITS2 Database is a workbench for phylogenetic inference simultaneously considering sequence and secondary structure of the internal transcribed spacer 2.  This includes data collection with accurate annotation, structure prediction, multiple sequence-structure alignment and fast tree calculation.  In a nutshell, this workbench simplifies first phylogenetic analyses to a few clicks.
=521  \\$aFor undergraduate, graduate, and professional students
=546  \\$aEnglish
=650  \0$aBiology
=856  40$uhttps://www.jove.com/video/3806
=945  \\$aThe Whole World

