=LDR  00713ngm a2200000i 4500
=001  JoVEBiology3604
=008  161201s2016\\\\xx\\\\\g\\\\\\s\\\\\eng\d
=035  \\$a(OCoLC)733445860
=040  \\$aVaAlASP$cVaAlASP
=100  1\$aBlair,Lauren P.
=245  12$aApplication of MassSQUIRM for Quantitative Measurements of Lysine Demethylase Activity$h[electronic resource]
=260  \\$aCambridge, MA$bMyJoVE Corp$c2016
=300  \\$aonline resource (422 seconds)
=490  0\$aBiology
=500  \\$aTitle from resource description page
=520  \\$aWe present a method for using MALDI mass spectrometry and reductive methylation chemistry to quantify changes in lysine methylation.
=521  \\$aFor undergraduate, graduate, and professional students
=546  \\$aEnglish
=650  \0$aBiology
=856  40$uhttps://www.jove.com/video/3604
=945  \\$aThe Whole World

