=LDR  00971ngm a2200000i 4500
=001  JoVEBiology3860
=008  161201s2016\\\\xx\\\\\g\\\\\\s\\\\\eng\d
=035  \\$a(OCoLC)733445860
=040  \\$aVaAlASP$cVaAlASP
=100  1\$aO'Ryan,Liam
=245  12$aExpression and Purification of the Cystic Fibrosis Transmembrane Conductance Regulator Protein in Saccharomyces cerevisiae$h[electronic resource]
=260  \\$aCambridge, MA$bMyJoVE Corp$c2016
=300  \\$aonline resource (896 seconds)
=490  0\$aBiology
=500  \\$aTitle from resource description page
=520  \\$aAttempts to express the cystic fibrosis transmembrane conductance regulator (CFTR) in Saccharomyces cerevisiae have, until now, yielded relatively low amounts of protein. This protocol and the associated reagents distributed via the Cystic Fibrosis Foundation should allow the preparation of milligram amounts of this 'difficult' eukaryotic membrane protein.
=521  \\$aFor undergraduate, graduate, and professional students
=546  \\$aEnglish
=650  \0$aBiology
=856  40$uhttps://www.jove.com/video/3860
=945  \\$aThe Whole World

