=LDR  00862ngm a2200000i 4500
=001  JoVEMedicine3810
=008  161201s2016\\\\xx\\\\\g\\\\\\s\\\\\eng\d
=035  \\$a(OCoLC)733445860
=040  \\$aVaAlASP$cVaAlASP
=100  1\$aLow,Hann
=245  12$aCholesterol Efflux Assay$h[electronic resource]
=260  \\$aCambridge, MA$bMyJoVE Corp$c2016
=300  \\$aonline resource (474 seconds)
=490  0\$aMedicine
=500  \\$aTitle from resource description page
=520  \\$aThe cholesterol assay is designed to quantitate the rate of cholesterol efflux from cultured cells and the capacity of plasma acceptors to accept cholesterol released from cells.  The assay consists of labelling cells with cholesterol, equilibration of cholesterol among intracellular pools and release of cholesterol to an extracellular acceptor.
=521  \\$aFor undergraduate, graduate, and professional students
=546  \\$aEnglish
=650  \0$aMedicine
=856  40$uhttps://www.jove.com/video/3810
=945  \\$aThe Whole World

