=LDR  00794ngm a2200000i 4500
=001  JoVEMedicine3397
=008  161201s2016\\\\xx\\\\\g\\\\\\s\\\\\eng\d
=035  \\$a(OCoLC)733445860
=040  \\$aVaAlASP$cVaAlASP
=100  1\$aKramp,Tamalee R.
=245  12$aCombination Radiotherapy in an Orthotopic Mouse Brain Tumor Model$h[electronic resource]
=260  \\$aCambridge, MA$bMyJoVE Corp$c2016
=300  \\$aonline resource (482 seconds)
=490  0\$aMedicine
=500  \\$aTitle from resource description page
=520  \\$aThe purpose of this article is to describe the use of an orthotopic glioblastoma model for chemoradiation studies. This article will go though cell processing, implanting, and radiotherapy of the mouse using an intracranial model.
=521  \\$aFor undergraduate, graduate, and professional students
=546  \\$aEnglish
=650  \0$aMedicine
=856  40$uhttps://www.jove.com/video/3397
=945  \\$aThe Whole World

