=LDR  00955ngm a2200000i 4500
=001  JoVEBiology3881
=008  161201s2016\\\\xx\\\\\g\\\\\\s\\\\\eng\d
=035  \\$a(OCoLC)733445860
=040  \\$aVaAlASP$cVaAlASP
=100  1\$aKerr,Jason S.
=245  12$aAvidity-based Extracellular Interaction Screening (AVEXIS) for the Scalable Detection of Low-affinity Extracellular Receptor-Ligand Interactions$h[electronic resource]
=260  \\$aCambridge, MA$bMyJoVE Corp$c2016
=300  \\$aonline resource (750 seconds)
=490  0\$aBiology
=500  \\$aTitle from resource description page
=520  \\$aAVEXIS is a high throughput protein interaction assay developed to systematically screen for novel extracellular receptor-ligand pairs involved in cellular recognition processes. It is specifically designed to detect transient protein interactions that are difficult to identify using other high throughput approaches.
=521  \\$aFor undergraduate, graduate, and professional students
=546  \\$aEnglish
=650  \0$aBiology
=856  40$uhttps://www.jove.com/video/3881
=945  \\$aThe Whole World

