=LDR  00820ngm a2200000i 4500
=001  JoVEBiology3461
=008  161201s2016\\\\xx\\\\\g\\\\\\s\\\\\eng\d
=035  \\$a(OCoLC)733445860
=040  \\$aVaAlASP$cVaAlASP
=100  1\$aDuennwald,Martin L.
=245  12$aGrowth Assays to Assess Polyglutamine Toxicity in Yeast$h[electronic resource]
=260  \\$aCambridge, MA$bMyJoVE Corp$c2016
=300  \\$aonline resource (546 seconds)
=490  0\$aBiology
=500  \\$aTitle from resource description page
=520  \\$aThis manuscript describes three complementary protocols for assessing the toxicity of polyglutamine (polyQ)-expansion proteins in the yeast Saccharomyces cerevisiae. These protocols can easily be modified to monitor the toxicity of other misfolded proteins in yeast.
=521  \\$aFor undergraduate, graduate, and professional students
=546  \\$aEnglish
=650  \0$aBiology
=856  40$uhttps://www.jove.com/video/3461
=945  \\$aThe Whole World

