=LDR  01145ngm a2200000i 4500
=001  JoVEMedicine3750
=008  161201s2016\\\\xx\\\\\g\\\\\\s\\\\\eng\d
=035  \\$a(OCoLC)733445860
=040  \\$aVaAlASP$cVaAlASP
=100  1\$aBänsch,Dietmar
=245  12$aA New Single Chamber Implantable Defibrillator with Atrial Sensing: A Practical Demonstration of Sensing and  Ease of Implantation$h[electronic resource]
=260  \\$aCambridge, MA$bMyJoVE Corp$c2016
=300  \\$aonline resource (1000 seconds)
=490  0\$aMedicine
=500  \\$aTitle from resource description page
=520  \\$aDual-chamber implantable cardioverter-defibrillators (ICDs) may improve detection of atrial fibrillation as well as differentiation of tachycardias. However, this advantage is undermined by complications associated with the second electrode, which is required in conventional dual chamber devices.  Therefore, BIOTRONIK has developed a new electrode called the LinoxSMART S DX that, when used in conjunction with the Lumax DX ICD, offers dual-chamber detection without the risks associated with the second electrode.
=521  \\$aFor undergraduate, graduate, and professional students
=546  \\$aEnglish
=650  \0$aMedicine
=856  40$uhttps://www.jove.com/video/3750
=945  \\$aThe Whole World

