=LDR  00925ngm a2200000i 4500
=001  JoVEMedicine3671
=008  161201s2016\\\\xx\\\\\g\\\\\\s\\\\\eng\d
=035  \\$a(OCoLC)733445860
=040  \\$aVaAlASP$cVaAlASP
=100  1\$aMöbius-Winkler,Sven
=245  12$aThe WATCHMAN Left Atrial Appendage Closure Device for Atrial Fibrillation$h[electronic resource]
=260  \\$aCambridge, MA$bMyJoVE Corp$c2016
=300  \\$aonline resource (1413 seconds)
=490  0\$aMedicine
=500  \\$aTitle from resource description page
=520  \\$aThe accompanying video describes a procedure for percutaneous placement of the WATCHMAN Left Atrial Appendage (LAA) Device.  The WATCHMAN is a nitinol device designed to be permanently implanted at, or slightly distal to, the opening of the left atrial appendage (LAA) to trap blood clots before they exit the LAA, preventing thromboembolic stroke.
=521  \\$aFor undergraduate, graduate, and professional students
=546  \\$aEnglish
=650  \0$aMedicine
=856  40$uhttps://www.jove.com/video/3671
=945  \\$aThe Whole World

