=LDR  00892ngm a2200000i 4500
=001  JoVEBiology3679
=008  161201s2016\\\\xx\\\\\g\\\\\\s\\\\\eng\d
=035  \\$a(OCoLC)733445860
=040  \\$aVaAlASP$cVaAlASP
=100  1\$aWeil,Timothy T.
=245  12$aPreparing Individual Drosophila Egg Chambers for Live Imaging$h[electronic resource]
=260  \\$aCambridge, MA$bMyJoVE Corp$c2016
=300  \\$aonline resource (638 seconds)
=490  0\$aBiology
=500  \\$aTitle from resource description page
=520  \\$aThe Drosophila egg chamber is an excellent model for studying the mechanisms of mRNA localization. In order to capture the dynamic events that underpin the processes of localization, rapid high resolution imaging of live tissue is required. Here, we present a protocol for dissection and imaging of live samples with minimal disruption.
=521  \\$aFor undergraduate, graduate, and professional students
=546  \\$aEnglish
=650  \0$aBiology
=856  40$uhttps://www.jove.com/video/3679
=945  \\$aThe Whole World

