=LDR  00880ngm a2200000i 4500
=001  JoVEBiology3448
=008  161201s2016\\\\xx\\\\\g\\\\\\s\\\\\eng\d
=035  \\$a(OCoLC)733445860
=040  \\$aVaAlASP$cVaAlASP
=100  1\$aSquiban,Barbara
=245  12$aQuantitative and Automated High-throughput Genome-wide RNAi Screens in C. elegans$h[electronic resource]
=260  \\$aCambridge, MA$bMyJoVE Corp$c2016
=300  \\$aonline resource (658 seconds)
=490  0\$aBiology
=500  \\$aTitle from resource description page
=520  \\$aWe describe a protocol using C. elegans and RNAi feeding libraries that allows automated measurement of multiple parameters such as fluorescence, size and opacity of individual worms in a population. We give one example of a screen to identify genes involved in anti-fungal innate immunity in C. elegans.
=521  \\$aFor undergraduate, graduate, and professional students
=546  \\$aEnglish
=650  \0$aBiology
=856  40$uhttps://www.jove.com/video/3448
=945  \\$aThe Whole World

