=LDR  00926ngm a2200000i 4500
=001  JoVEBiology3643
=008  161201s2016\\\\xx\\\\\g\\\\\\s\\\\\eng\d
=035  \\$a(OCoLC)733445860
=040  \\$aVaAlASP$cVaAlASP
=100  1\$aBailey,Dalan
=245  12$aIdentification of Protein Interacting Partners Using Tandem Affinity Purification$h[electronic resource]
=260  \\$aCambridge, MA$bMyJoVE Corp$c2016
=300  \\$aonline resource (602 seconds)
=490  0\$aBiology
=500  \\$aTitle from resource description page
=520  \\$aTandem affinity purification is a robust approach for the identification of protein binding partners. As proof of concept, this methodology was applied to the well-characterized translation initiation factor eIF4E to co-precipitate the host cell factors involved in translation initiation. This method is easily adapted to any cellular or viral protein.
=521  \\$aFor undergraduate, graduate, and professional students
=546  \\$aEnglish
=650  \0$aBiology
=856  40$uhttps://www.jove.com/video/3643
=945  \\$aThe Whole World

