=LDR  00885ngm a2200000i 4500
=001  JoVEBiology3416
=008  161201s2016\\\\xx\\\\\g\\\\\\s\\\\\eng\d
=035  \\$a(OCoLC)733445860
=040  \\$aVaAlASP$cVaAlASP
=100  1\$aPolak,Urszula
=245  12$aSelecting and Isolating Colonies of Human Induced Pluripotent Stem Cells Reprogrammed from Adult Fibroblasts$h[electronic resource]
=260  \\$aCambridge, MA$bMyJoVE Corp$c2016
=300  \\$aonline resource (803 seconds)
=490  0\$aBiology
=500  \\$aTitle from resource description page
=520  \\$aWe present a protocol for efficient reprogramming of human somatic cells into human induced pluripotent stem cells (hiPSC) using retroviral vectors encoding Oct3/4, Sox2, Klf4 and c-myc (OSKM) and identification of correctly reprogrammed hiPSC by live staining with Tra-1-81 antibody.
=521  \\$aFor undergraduate, graduate, and professional students
=546  \\$aEnglish
=650  \0$aBiology
=856  40$uhttps://www.jove.com/video/3416
=945  \\$aThe Whole World

