=LDR  01092ngm a2200000i 4500
=001  JoVEBiology3265
=008  161201s2016\\\\xx\\\\\g\\\\\\s\\\\\eng\d
=035  \\$a(OCoLC)733445860
=040  \\$aVaAlASP$cVaAlASP
=100  1\$aCseke,Leland J.
=245  12$aA PCR-based Genotyping Method to Distinguish Between Wild-type and Ornamental Varieties of Imperata cylindrica$h[electronic resource]
=260  \\$aCambridge, MA$bMyJoVE Corp$c2016
=300  \\$aonline resource (721 seconds)
=490  0\$aBiology
=500  \\$aTitle from resource description page
=520  \\$aWe provide a cost-effective and rapid molecular genotyping protocol that employs variety-specific PCR primers that target DNA sequence differences within the chloroplast trnL-F spacer region to differentiate between varieties of Imperata cylindrica (cogongrass) that cannot be distinguished by morphology alone.  These varieties include the federally listed noxious weed, cogongrass and closely-related, wide-spread ornamental variety, I. cylindrica var. koenigii (Japanese blood grass).
=521  \\$aFor undergraduate, graduate, and professional students
=546  \\$aEnglish
=650  \0$aBiology
=856  40$uhttps://www.jove.com/video/3265
=945  \\$aThe Whole World

