=LDR  00917ngm a2200000i 4500
=001  JoVEMedicine3888
=008  161201s2016\\\\xx\\\\\g\\\\\\s\\\\\eng\d
=035  \\$a(OCoLC)733445860
=040  \\$aVaAlASP$cVaAlASP
=100  1\$aDavidowitz,Rachel A.
=245  12$aIn vitro Mesothelial Clearance Assay that Models the Early Steps of Ovarian Cancer Metastasis$h[electronic resource]
=260  \\$aCambridge, MA$bMyJoVE Corp$c2016
=300  \\$aonline resource (534 seconds)
=490  0\$aMedicine
=500  \\$aTitle from resource description page
=520  \\$aThe mesothelial clearance assay described here takes advantage of fluorescently labeled cells and time-lapse video microscopy to visualize and quantitatively measure the interactions of ovarian cancer multicellular spheroids and mesothelial cell monolayers. This assay models the early steps of ovarian cancer metastasis.
=521  \\$aFor undergraduate, graduate, and professional students
=546  \\$aEnglish
=650  \0$aMedicine
=856  40$uhttps://www.jove.com/video/3888
=945  \\$aThe Whole World

