=LDR  00979ngm a2200000i 4500
=001  JoVEMedicine3661
=008  161201s2016\\\\xx\\\\\g\\\\\\s\\\\\eng\d
=035  \\$a(OCoLC)733445860
=040  \\$aVaAlASP$cVaAlASP
=100  1\$aSameni,Mansoureh
=245  12$aMAME Models for 4D Live-cell Imaging of Tumor: Microenvironment Interactions that Impact Malignant Progression$h[electronic resource]
=260  \\$aCambridge, MA$bMyJoVE Corp$c2016
=300  \\$aonline resource (507 seconds)
=490  0\$aMedicine
=500  \\$aTitle from resource description page
=520  \\$aWe have developed 3D coculture models for live-cell imaging in real-time of interactions among breast tumor cells and other cells in their microenvironment that impact progression to an invasive phenotype.  These models can serve as preclinical screens for drugs to target paracrine-induced proteolytic, chemokine/cytokine and kinase pathways implicated in invasiveness.
=521  \\$aFor undergraduate, graduate, and professional students
=546  \\$aEnglish
=650  \0$aMedicine
=856  40$uhttps://www.jove.com/video/3661
=945  \\$aThe Whole World

