=LDR  00934ngm a2200000i 4500
=001  JoVEMedicine3445
=008  161201s2016\\\\xx\\\\\g\\\\\\s\\\\\eng\d
=035  \\$a(OCoLC)733445860
=040  \\$aVaAlASP$cVaAlASP
=100  1\$aHanrieder,Jörg
=245  12$aMALDI Imaging Mass Spectrometry of Neuropeptides in Parkinson's Disease$h[electronic resource]
=260  \\$aCambridge, MA$bMyJoVE Corp$c2016
=300  \\$aonline resource (1017 seconds)
=490  0\$aMedicine
=500  \\$aTitle from resource description page
=520  \\$aDopamine replacement pharmacotherapy using L-DOPA is the most commonly used symptomatic treatment of Parkinson’s disease, but is accompanied by side effects including involuntary abnormal movements, termed dyskinesia 1. Here, a protocol for MALDI imaging mass spectrometry is presented that detects changes in rat brain neuropeptide levels related to dyskinesia.
=521  \\$aFor undergraduate, graduate, and professional students
=546  \\$aEnglish
=650  \0$aMedicine
=856  40$uhttps://www.jove.com/video/3445
=945  \\$aThe Whole World

