=LDR  00881ngm a2200000i 4500
=001  JoVEMedicine3234
=008  161201s2016\\\\xx\\\\\g\\\\\\s\\\\\eng\d
=035  \\$a(OCoLC)733445860
=040  \\$aVaAlASP$cVaAlASP
=100  1\$aThiele,Sherri L.
=245  12$aDevelopment of a Unilaterally-lesioned 6-OHDA Mouse Model of Parkinson's Disease$h[electronic resource]
=260  \\$aCambridge, MA$bMyJoVE Corp$c2016
=300  \\$aonline resource (609 seconds)
=490  0\$aMedicine
=500  \\$aTitle from resource description page
=520  \\$aA protocol for performing unilateral 6-OHDA lesions of the medial forebrain bundle in mice is described. This method has a low mortality rate (13.3 %) with 89% of the surviving animals showing >95% loss of striatal dopamine and 90.63±-4.02 % ipsiversive rotational bias towards the side of the lesion.
=521  \\$aFor undergraduate, graduate, and professional students
=546  \\$aEnglish
=650  \0$aMedicine
=856  40$uhttps://www.jove.com/video/3234
=945  \\$aThe Whole World

