=LDR  00808ngm a2200000i 4500
=001  JoVEBiology3442
=008  161201s2016\\\\xx\\\\\g\\\\\\s\\\\\eng\d
=035  \\$a(OCoLC)733445860
=040  \\$aVaAlASP$cVaAlASP
=100  1\$aBeifuss,Katherine K.
=245  12$aRNAi Screening to Identify Postembryonic Phenotypes in C. elegans$h[electronic resource]
=260  \\$aCambridge, MA$bMyJoVE Corp$c2016
=300  \\$aonline resource (580 seconds)
=490  0\$aBiology
=500  \\$aTitle from resource description page
=520  \\$aWe describe a sensitized method to identify postembryonic regulators of protein expression and localization in C. elegans using an RNAi-based genomic screen and an integrated transgene that expresses a functional, fluorescently tagged protein.
=521  \\$aFor undergraduate, graduate, and professional students
=546  \\$aEnglish
=650  \0$aBiology
=856  40$uhttps://www.jove.com/video/3442
=945  \\$aThe Whole World

