=LDR  00943ngm a2200000i 4500
=001  JoVEBiology3415
=008  161201s2016\\\\xx\\\\\g\\\\\\s\\\\\eng\d
=035  \\$a(OCoLC)733445860
=040  \\$aVaAlASP$cVaAlASP
=100  1\$aPan,Zui
=245  12$aFluorescence-based Measurement of Store-operated Calcium Entry in Live Cells: from Cultured Cancer Cell to Skeletal Muscle Fiber$h[electronic resource]
=260  \\$aCambridge, MA$bMyJoVE Corp$c2016
=300  \\$aonline resource (858 seconds)
=490  0\$aBiology
=500  \\$aTitle from resource description page
=520  \\$aThe extent of store-operated Ca2+ entry (SOCE) can be monitored using fluorescent Ca2+ indicators. Mn2+ quenching of such indicators assays SOCE in cultured cells and skeletal muscle fibers. A technique allowing spatial and temporal resolution of SOCE by confocal imaging of mechanically skinned muscle fibers is also described.
=521  \\$aFor undergraduate, graduate, and professional students
=546  \\$aEnglish
=650  \0$aBiology
=856  40$uhttps://www.jove.com/video/3415
=945  \\$aThe Whole World

