=LDR  01011ngm a2200000i 4500
=001  JoVEBiology3465
=008  161201s2016\\\\xx\\\\\g\\\\\\s\\\\\eng\d
=035  \\$a(OCoLC)733445860
=040  \\$aVaAlASP$cVaAlASP
=100  1\$aHwang,Alexander C.
=245  12$aPouring and Running a Protein Gel by reusing Commercial Cassettes$h[electronic resource]
=260  \\$aCambridge, MA$bMyJoVE Corp$c2016
=300  \\$aonline resource (663 seconds)
=490  0\$aBiology
=500  \\$aTitle from resource description page
=520  \\$aOur protocol demonstrates how to pour multiple protein gels at a time by recycling Invitrogen Nupage Novex minigel cassettes, and inexpensive materials purchased at a home improvement store. This economical and streamlined method includes a way to store the gels at 4°C for a few weeks. By re-using the plastic gel cassettes from commercially available gels, labs that run frequent protein gels can save significant costs and help the environment.
=521  \\$aFor undergraduate, graduate, and professional students
=546  \\$aEnglish
=650  \0$aBiology
=856  40$uhttps://www.jove.com/video/3465
=945  \\$aThe Whole World

