=LDR  00973ngm a2200000i 4500
=001  JoVEBiology3532
=008  161201s2016\\\\xx\\\\\g\\\\\\s\\\\\eng\d
=035  \\$a(OCoLC)733445860
=040  \\$aVaAlASP$cVaAlASP
=100  1\$aGillett-Kunnath,Miriam M.
=245  12$aSynthesis of Nine-atom Deltahedral Zintl Ions of Germanium and their Functionalization with Organic Groups$h[electronic resource]
=260  \\$aCambridge, MA$bMyJoVE Corp$c2016
=300  \\$aonline resource (495 seconds)
=490  0\$aBiology
=500  \\$aTitle from resource description page
=520  \\$aWe present the high-temperature synthesis of intermetallic precursors K4Ge9, their dissolution in ethylenediamine to form Ge94- deltahedral Zintl ions, and the reaction of the clusters with alkynes to form organo-Zintl ions.  The latter are characterized by  electrospray mass spectrometry in solutions and by single-crystal X-ray diffraction in the solid state.
=521  \\$aFor undergraduate, graduate, and professional students
=546  \\$aEnglish
=650  \0$aBiology
=856  40$uhttps://www.jove.com/video/3532
=945  \\$aThe Whole World

