=LDR  00895ngm a2200000i 4500
=001  JoVEMedicine3740
=008  161201s2016\\\\xx\\\\\g\\\\\\s\\\\\eng\d
=035  \\$a(OCoLC)733445860
=040  \\$aVaAlASP$cVaAlASP
=100  1\$aWeyers,Jill J.
=245  12$aRetrograde Perfusion and Filling of Mouse Coronary Vasculature as Preparation for Micro Computed Tomography Imaging$h[electronic resource]
=260  \\$aCambridge, MA$bMyJoVE Corp$c2016
=300  \\$aonline resource (616 seconds)
=490  0\$aMedicine
=500  \\$aTitle from resource description page
=520  \\$aVisualization of the coronary vessels is critical to advancing our understanding of cardiovascular diseases. Here we describe a method for perfusing murine coronary vasculature with a radiopaque silicone rubber (Microfil), in preparation for micro-Computed Tomography (μCT) imaging.
=521  \\$aFor undergraduate, graduate, and professional students
=546  \\$aEnglish
=650  \0$aMedicine
=856  40$uhttps://www.jove.com/video/3740
=945  \\$aThe Whole World

