=LDR  00946ngm a2200000i 4500
=001  JoVEBiology3619
=008  161201s2016\\\\xx\\\\\g\\\\\\s\\\\\eng\d
=035  \\$a(OCoLC)733445860
=040  \\$aVaAlASP$cVaAlASP
=100  1\$aJi,Zhiying
=245  12$aChromosomics: Detection of Numerical and Structural Alterations in All 24 Human Chromosomes Simultaneously Using a Novel OctoChrome FISH Assay$h[electronic resource]
=260  \\$aCambridge, MA$bMyJoVE Corp$c2016
=300  \\$aonline resource (385 seconds)
=490  0\$aBiology
=500  \\$aTitle from resource description page
=520  \\$aA novel fluorescence in situ hybridization (FISH) method that simultaneously examines both numerical and structural chromosome alterations, particularly the specific chromosomal translocations associated with leukemia and lymphoma, of all 24 human chromosomes on a single device in one hybridization, is described.
=521  \\$aFor undergraduate, graduate, and professional students
=546  \\$aEnglish
=650  \0$aBiology
=856  40$uhttps://www.jove.com/video/3619
=945  \\$aThe Whole World

