=LDR  00950ngm a2200000i 4500
=001  JoVEBiology3545
=008  161201s2016\\\\xx\\\\\g\\\\\\s\\\\\eng\d
=035  \\$a(OCoLC)733445860
=040  \\$aVaAlASP$cVaAlASP
=100  1\$aTang,Lin
=245  12$aGerm Cell Transplantation and Testis Tissue Xenografting in Mice$h[electronic resource]
=260  \\$aCambridge, MA$bMyJoVE Corp$c2016
=300  \\$aonline resource (641 seconds)
=490  0\$aBiology
=500  \\$aTitle from resource description page
=520  \\$aProtocols for germ cell transplantation and testis tissue xenografting are described. Germ cell transplantation results in donor-derived spermatogenesis in recipient testes and represents a functional reconstitution assay for identification of spermatogonial stem cells (SSCs). Testis tissue xenografting reproduces testis development and spermatogenesis of various donor species in recipient mice.
=521  \\$aFor undergraduate, graduate, and professional students
=546  \\$aEnglish
=650  \0$aBiology
=856  40$uhttps://www.jove.com/video/3545
=945  \\$aThe Whole World

