=LDR  00915ngm a2200000i 4500
=001  JoVEBiology3792
=008  161201s2016\\\\xx\\\\\g\\\\\\s\\\\\eng\d
=035  \\$a(OCoLC)733445860
=040  \\$aVaAlASP$cVaAlASP
=100  1\$aIslam,Mohammed M.
=245  12$aIn Ovo Electroporation in Embryonic Chick Retina$h[electronic resource]
=260  \\$aCambridge, MA$bMyJoVE Corp$c2016
=300  \\$aonline resource (375 seconds)
=490  0\$aBiology
=500  \\$aTitle from resource description page
=520  \\$aThe overall goal of this video is to show how to perform targeted retinal injection and in ovo electroporation of DNA/RNA constructs into the chick embryonic retina at the Hamburger and Hamilton stage 22-23, which is about embryonic day 4 (E4). This technique is very useful to study gene expression, gene regulation, and morphological change in developing chick retina.
=521  \\$aFor undergraduate, graduate, and professional students
=546  \\$aEnglish
=650  \0$aBiology
=856  40$uhttps://www.jove.com/video/3792
=945  \\$aThe Whole World

