=LDR  00985ngm a2200000i 4500
=001  JoVEMedicine3887
=008  161201s2016\\\\xx\\\\\g\\\\\\s\\\\\eng\d
=035  \\$a(OCoLC)733445860
=040  \\$aVaAlASP$cVaAlASP
=100  1\$aAbouAlaiwi,Wissam A.
=245  12$aSpectral Karyotyping to Study Chromosome Abnormalities in Humans and Mice with Polycystic Kidney Disease$h[electronic resource]
=260  \\$aCambridge, MA$bMyJoVE Corp$c2016
=300  \\$aonline resource (767 seconds)
=490  0\$aMedicine
=500  \\$aTitle from resource description page
=520  \\$aSpectral Karyotyping (SKY) is an advanced cytogenetics technique to identify genomic and chromosomal aberrations. This technique takes advantage of chromosome painting probes, which allow classification of all chromosomes. SKY can also identify complex chromosome aberrations and segregation defects in mice and humans with various diseases, including polycystic kidney disease.
=521  \\$aFor undergraduate, graduate, and professional students
=546  \\$aEnglish
=650  \0$aMedicine
=856  40$uhttps://www.jove.com/video/3887
=945  \\$aThe Whole World

