=LDR  00911ngm a2200000i 4500
=001  JoVEMedicine3644
=008  161201s2016\\\\xx\\\\\g\\\\\\s\\\\\eng\d
=035  \\$a(OCoLC)733445860
=040  \\$aVaAlASP$cVaAlASP
=100  1\$aHintermann,Edith
=245  12$aThe CYP2D6 Animal Model: How to Induce Autoimmune Hepatitis in Mice$h[electronic resource]
=260  \\$aCambridge, MA$bMyJoVE Corp$c2016
=300  \\$aonline resource (543 seconds)
=490  0\$aMedicine
=500  \\$aTitle from resource description page
=520  \\$aInfection of mice with an Adenovirus expressing the major human autoantigen cytochrome P450 2D6 (hCYP2D6) recognized by sera of patients suffering from type 2 autoimmune hepatitis results in a persistent form of autoimmune-mediated liver disease characterized by extensive hepatitis, fibrosis and generation of a CYP2D6-specific immune response.
=521  \\$aFor undergraduate, graduate, and professional students
=546  \\$aEnglish
=650  \0$aMedicine
=856  40$uhttps://www.jove.com/video/3644
=945  \\$aThe Whole World

