=LDR  00893ngm a2200000i 4500
=001  JoVEBiology3678
=008  161201s2016\\\\xx\\\\\g\\\\\\s\\\\\eng\d
=035  \\$a(OCoLC)733445860
=040  \\$aVaAlASP$cVaAlASP
=100  1\$aKim,Janice J.
=245  12$aInvestigating Intestinal Inflammation in DSS-induced Model of IBD$h[electronic resource]
=260  \\$aCambridge, MA$bMyJoVE Corp$c2016
=300  \\$aonline resource (523 seconds)
=490  0\$aBiology
=500  \\$aTitle from resource description page
=520  \\$aExperimental models of inflammatory bowel disease have allowed us to examine the complex innate and adaptive immune responses associated with pathogenesis.  Using histological scoring, quantification of pro-inflammatory cytokines and myeloperoxidase activity, one can begin to assess these responses seen in inflammatory bowel disease.
=521  \\$aFor undergraduate, graduate, and professional students
=546  \\$aEnglish
=650  \0$aBiology
=856  40$uhttps://www.jove.com/video/3678
=945  \\$aThe Whole World

