=LDR  00909ngm a2200000i 4500
=001  JoVEBiology3587
=008  161201s2016\\\\xx\\\\\g\\\\\\s\\\\\eng\d
=035  \\$a(OCoLC)733445860
=040  \\$aVaAlASP$cVaAlASP
=100  1\$aBrand,Joshua A.
=245  12$aA 3D System for Culturing Human Articular Chondrocytes in Synovial Fluid$h[electronic resource]
=260  \\$aCambridge, MA$bMyJoVE Corp$c2016
=300  \\$aonline resource (598 seconds)
=490  0\$aBiology
=500  \\$aTitle from resource description page
=520  \\$aA 3D system of culturing human articular chondrocytes in high levels of synovial fluid is described. Synovial fluid reflects the most natural microenvironment for articular cartilage, and can be easily obtained and stored. This system thus can be used for studying cartilage regeneration and for screening therapeutics for treating arthritis.
=521  \\$aFor undergraduate, graduate, and professional students
=546  \\$aEnglish
=650  \0$aBiology
=856  40$uhttps://www.jove.com/video/3587
=945  \\$aThe Whole World

