=LDR  00976ngm a2200000i 4500
=001  JoVEBiology3362
=008  161201s2016\\\\xx\\\\\g\\\\\\s\\\\\eng\d
=035  \\$a(OCoLC)733445860
=040  \\$aVaAlASP$cVaAlASP
=100  1\$aSchultz,Robbie D.
=245  12$aVisualization of Caenorhabditis elegans Cuticular Structures Using the Lipophilic Vital Dye DiI$h[electronic resource]
=260  \\$aCambridge, MA$bMyJoVE Corp$c2016
=300  \\$aonline resource (502 seconds)
=490  0\$aBiology
=500  \\$aTitle from resource description page
=520  \\$aWe present a method to visualize cuticle in live C. elegans using the red fluorescent lipophilic dye DiI (1,1'-dioctadecyl-3,3,3',3'-tetramethylindocarbocyanine perchlorate), which is commonly used in C. elegans to visualize environmentally exposed neurons. With this optimized protocol, alae and annular cuticular structures are stained by DiI and observed using compound microscopy.
=521  \\$aFor undergraduate, graduate, and professional students
=546  \\$aEnglish
=650  \0$aBiology
=856  40$uhttps://www.jove.com/video/3362
=945  \\$aThe Whole World

