=LDR  00856ngm a2200000i 4500
=001  JoVEBiology3571
=008  161201s2016\\\\xx\\\\\g\\\\\\s\\\\\eng\d
=035  \\$a(OCoLC)733445860
=040  \\$aVaAlASP$cVaAlASP
=100  1\$aSpinella,Sara A.
=245  12$aMeasuring Peptide Translocation into Large Unilamellar Vesicles$h[electronic resource]
=260  \\$aCambridge, MA$bMyJoVE Corp$c2016
=300  \\$aonline resource (747 seconds)
=490  0\$aBiology
=500  \\$aTitle from resource description page
=520  \\$aThis protocol details a method for the quantitative measure of peptide translocation into large unilamellar lipid vesicles.  This method also provides information about the rate of membrane translocation and can be used to identify peptides that efficiently and spontaneously cross lipid bilayers.
=521  \\$aFor undergraduate, graduate, and professional students
=546  \\$aEnglish
=650  \0$aBiology
=856  40$uhttps://www.jove.com/video/3571
=945  \\$aThe Whole World

