=LDR  00811ngm a2200000i 4500
=001  JoVEBiology3410
=008  161201s2016\\\\xx\\\\\g\\\\\\s\\\\\eng\d
=035  \\$a(OCoLC)733445860
=040  \\$aVaAlASP$cVaAlASP
=100  1\$aHukasova,Elvira
=245  12$aMonitoring Kinase and Phosphatase Activities Through the Cell Cycle by Ratiometric FRET$h[electronic resource]
=260  \\$aCambridge, MA$bMyJoVE Corp$c2016
=300  \\$aonline resource (818 seconds)
=490  0\$aBiology
=500  \\$aTitle from resource description page
=520  \\$aFRET-based reporters are increasingly used to monitor kinase and phosphatase activities in live cells. Here we describe a method on how to use FRET-based reporters to assess cell cycle-dependent changes in target phosphorylation.
=521  \\$aFor undergraduate, graduate, and professional students
=546  \\$aEnglish
=650  \0$aBiology
=856  40$uhttps://www.jove.com/video/3410
=945  \\$aThe Whole World

