=LDR  00892ngm a2200000i 4500
=001  JoVEBiology3583
=008  161201s2016\\\\xx\\\\\g\\\\\\s\\\\\eng\d
=035  \\$a(OCoLC)733445860
=040  \\$aVaAlASP$cVaAlASP
=100  1\$aYou,Le
=245  12$aMetabolic Pathway Confirmation and Discovery Through 13C-labeling of Proteinogenic Amino Acids$h[electronic resource]
=260  \\$aCambridge, MA$bMyJoVE Corp$c2016
=300  \\$aonline resource (446 seconds)
=490  0\$aBiology
=500  \\$aTitle from resource description page
=520  \\$a13C-isotope labeling is a useful technique for determining the cell central metabolism for various types of microorganisms. After cells have been cultured with a specific labeled substrate, GC-MS measurement can reveal functional metabolic pathways based on unique labeling patterns in proteinogenic amino acids.
=521  \\$aFor undergraduate, graduate, and professional students
=546  \\$aEnglish
=650  \0$aBiology
=856  40$uhttps://www.jove.com/video/3583
=945  \\$aThe Whole World

