=LDR  00880ngm a2200000i 4500
=001  JoVEBiology3493
=008  161201s2016\\\\xx\\\\\g\\\\\\s\\\\\eng\d
=035  \\$a(OCoLC)733445860
=040  \\$aVaAlASP$cVaAlASP
=100  1\$aTozzi,Emilio J.
=245  12$aQuantifying Mixing using Magnetic Resonance Imaging$h[electronic resource]
=260  \\$aCambridge, MA$bMyJoVE Corp$c2016
=300  \\$aonline resource (453 seconds)
=490  0\$aBiology
=500  \\$aTitle from resource description page
=520  \\$aMagnetic resonance imaging (MRI) provides a powerful tool to evaluate the effectiveness of process equipment during operation.  We discuss the use of MRI to visualize mixing in a static mixer.  The application is relevant to personal care products, but can be applied to a broad range of food, chemical, biomass and biological fluids.
=521  \\$aFor undergraduate, graduate, and professional students
=546  \\$aEnglish
=650  \0$aBiology
=856  40$uhttps://www.jove.com/video/3493
=945  \\$aThe Whole World

