=LDR  00855ngm a2200000i 4500
=001  JoVEBiology3540
=008  161201s2016\\\\xx\\\\\g\\\\\\s\\\\\eng\d
=035  \\$a(OCoLC)733445860
=040  \\$aVaAlASP$cVaAlASP
=100  1\$aWalther,Tamara Vanessa
=245  12$aIntracellular Refolding Assay$h[electronic resource]
=260  \\$aCambridge, MA$bMyJoVE Corp$c2016
=300  \\$aonline resource (438 seconds)
=490  0\$aBiology
=500  \\$aTitle from resource description page
=520  \\$aIn this protocol a method to measure intracellular protein refolding after heat shock is described. This method can be used to study foldases like molecular chaperones and their co-factors or compounds able to influence their activity. Firefly luciferase activity is used as reporter to measure chaperone refolding activity.
=521  \\$aFor undergraduate, graduate, and professional students
=546  \\$aEnglish
=650  \0$aBiology
=856  40$uhttps://www.jove.com/video/3540
=945  \\$aThe Whole World

