=LDR  00976ngm a2200000i 4500
=001  JoVEMedicine3496
=008  161201s2016\\\\xx\\\\\g\\\\\\s\\\\\eng\d
=035  \\$a(OCoLC)733445860
=040  \\$aVaAlASP$cVaAlASP
=100  1\$aJespersen,Brian
=245  12$aFemoral Arterial and Venous Catheterization for Blood Sampling, Drug Administration and Conscious Blood Pressure and Heart Rate Measurements$h[electronic resource]
=260  \\$aCambridge, MA$bMyJoVE Corp$c2016
=300  \\$aonline resource (578 seconds)
=490  0\$aMedicine
=500  \\$aTitle from resource description page
=520  \\$aChronic catheterization of blood vessels in the rat is often required for administration of substances, obtain blood sample over a period of time or for direct conscious blood pressure measurements.  Femoral arterial catheterization of the rat and corresponding measurements of blood pressure in the conscious animal will be demonstrated.
=521  \\$aFor undergraduate, graduate, and professional students
=546  \\$aEnglish
=650  \0$aMedicine
=856  40$uhttps://www.jove.com/video/3496
=945  \\$aThe Whole World

