=LDR  00830ngm a2200000i 4500
=001  JoVEBiology3502
=008  161201s2016\\\\xx\\\\\g\\\\\\s\\\\\eng\d
=035  \\$a(OCoLC)733445860
=040  \\$aVaAlASP$cVaAlASP
=100  1\$aKaleka,Kanwardeep S.
=245  12$aPull-down of Calmodulin-binding Proteins$h[electronic resource]
=260  \\$aCambridge, MA$bMyJoVE Corp$c2016
=300  \\$aonline resource (471 seconds)
=490  0\$aBiology
=500  \\$aTitle from resource description page
=520  \\$aCalmodulin (CaM) pull-down assay is an effective way to investigate the interaction of CaM with various proteins. This method uses CaM-sepharose beads for efficient and specific analysis of CaM-binding proteins. This provides an important tool to explore CaM signaling in cellular function.
=521  \\$aFor undergraduate, graduate, and professional students
=546  \\$aEnglish
=650  \0$aBiology
=856  40$uhttps://www.jove.com/video/3502
=945  \\$aThe Whole World

