=LDR  00913ngm a2200000i 4500
=001  JoVEBiology3454
=008  161201s2016\\\\xx\\\\\g\\\\\\s\\\\\eng\d
=035  \\$a(OCoLC)733445860
=040  \\$aVaAlASP$cVaAlASP
=100  1\$aBjerling,Pernilla
=245  12$aQuantitative Live Cell Fluorescence-microscopy Analysis of Fission Yeast$h[electronic resource]
=260  \\$aCambridge, MA$bMyJoVE Corp$c2016
=300  \\$aonline resource (412 seconds)
=490  0\$aBiology
=500  \\$aTitle from resource description page
=520  \\$aThe fission yeast, Schizosaccharomyces pombe, is a good model system to study basic cellular processes. Here we describe a method to perform quantitative live cell analysis of fission yeast. In this particular experiment we focus on organisation of the genome within the cell nucleus, but the method can also be used to study cytosolic factors.
=521  \\$aFor undergraduate, graduate, and professional students
=546  \\$aEnglish
=650  \0$aBiology
=856  40$uhttps://www.jove.com/video/3454
=945  \\$aThe Whole World

