=LDR  00749ngm a2200000i 4500
=001  JoVEMedicine3551
=008  161201s2016\\\\xx\\\\\g\\\\\\s\\\\\eng\d
=035  \\$a(OCoLC)733445860
=040  \\$aVaAlASP$cVaAlASP
=100  1\$aAl-Nakhli,Hani H.
=245  12$aThe Use of Thermal Infra-Red Imaging to Detect Delayed Onset Muscle Soreness$h[electronic resource]
=260  \\$aCambridge, MA$bMyJoVE Corp$c2016
=300  \\$aonline resource (531 seconds)
=490  0\$aMedicine
=500  \\$aTitle from resource description page
=520  \\$aThe purpose of this investigation was to assess whether using an infra-red thermal camera is a valid tool for detecting and quantifying the muscle soreness after exercising.
=521  \\$aFor undergraduate, graduate, and professional students
=546  \\$aEnglish
=650  \0$aMedicine
=856  40$uhttps://www.jove.com/video/3551
=945  \\$aThe Whole World

