=LDR  00834ngm a2200000i 4500
=001  JoVEBiology3491
=008  161201s2016\\\\xx\\\\\g\\\\\\s\\\\\eng\d
=035  \\$a(OCoLC)733445860
=040  \\$aVaAlASP$cVaAlASP
=100  1\$aCecchini,Matthew J.
=245  12$aAnalysis of Cell Cycle Position in Mammalian Cells$h[electronic resource]
=260  \\$aCambridge, MA$bMyJoVE Corp$c2016
=300  \\$aonline resource (739 seconds)
=490  0\$aBiology
=500  \\$aTitle from resource description page
=520  \\$aDetermining the cell cycle position of a population of cells, or understanding how signals affect proliferation, can be readily measured by flow cytometry using this protocol.  We report a simple experimental approach to staining cells and quantifying their position in the cell cycle.
=521  \\$aFor undergraduate, graduate, and professional students
=546  \\$aEnglish
=650  \0$aBiology
=856  40$uhttps://www.jove.com/video/3491
=945  \\$aThe Whole World

