=LDR  00784ngm a2200000i 4500
=001  JoVEMedicine3535
=008  161201s2016\\\\xx\\\\\g\\\\\\s\\\\\eng\d
=035  \\$a(OCoLC)733445860
=040  \\$aVaAlASP$cVaAlASP
=100  1\$aHampson,Michelle
=245  12$aReal-time fMRI Biofeedback Targeting the Orbitofrontal Cortex for Contamination Anxiety$h[electronic resource]
=260  \\$aCambridge, MA$bMyJoVE Corp$c2016
=300  \\$aonline resource (651 seconds)
=490  0\$aMedicine
=500  \\$aTitle from resource description page
=520  \\$aHere we present a method for training people to control a brain area involved in contamination anxiety and for probing the relationship between contamination anxiety and brain connectivity patterns.
=521  \\$aFor undergraduate, graduate, and professional students
=546  \\$aEnglish
=650  \0$aMedicine
=856  40$uhttps://www.jove.com/video/3535
=945  \\$aThe Whole World

