=LDR  00827ngm a2200000i 4500
=001  JoVEMedicine3387
=008  161201s2016\\\\xx\\\\\g\\\\\\s\\\\\eng\d
=035  \\$a(OCoLC)733445860
=040  \\$aVaAlASP$cVaAlASP
=100  1\$aGoss,David A.
=245  12$aUtilizing Transcranial Magnetic Stimulation to Study the Human Neuromuscular System$h[electronic resource]
=260  \\$aCambridge, MA$bMyJoVE Corp$c2016
=300  \\$aonline resource (739 seconds)
=490  0\$aMedicine
=500  \\$aTitle from resource description page
=520  \\$aTranscranial magnetic stimulation (TMS) is a non-invasive tool to gain insight on the physiology and function of the human nervous system.  Here, we present our TMS techniques to study cortical excitability of the upper limb and lumbar musculature.
=521  \\$aFor undergraduate, graduate, and professional students
=546  \\$aEnglish
=650  \0$aMedicine
=856  40$uhttps://www.jove.com/video/3387
=945  \\$aThe Whole World

