=LDR  01060ngm a2200000i 4500
=001  JoVEBiology3495
=008  161201s2016\\\\xx\\\\\g\\\\\\s\\\\\eng\d
=035  \\$a(OCoLC)733445860
=040  \\$aVaAlASP$cVaAlASP
=100  1\$aLewis,Patrick A.
=245  12$aAssaying the Kinase Activity of LRRK2 in vitro$h[electronic resource]
=260  \\$aCambridge, MA$bMyJoVE Corp$c2016
=300  \\$aonline resource (369 seconds)
=490  0\$aBiology
=500  \\$aTitle from resource description page
=520  \\$aLeucine Rich Repeat Kinase 2 is a large multidomain kinase, mutations in which are the most common genetic cause of Parkinson's disease. Analysis of the kinase activity of this protein has proven to be a crucial tool in understanding the biology and dysfunction of this protein. In this paper, in vitro assaying of the kinase activity of LRRK2 and a selection of its mutants is described, providing an experimental system to examine phosphorylation of putative substrates and potential dysfunction of LRRK2 in disease.
=521  \\$aFor undergraduate, graduate, and professional students
=546  \\$aEnglish
=650  \0$aBiology
=856  40$uhttps://www.jove.com/video/3495
=945  \\$aThe Whole World

