=LDR  00905ngm a2200000i 4500
=001  JoVEBiology3562
=008  161201s2016\\\\xx\\\\\g\\\\\\s\\\\\eng\d
=035  \\$a(OCoLC)733445860
=040  \\$aVaAlASP$cVaAlASP
=100  1\$aTian,Qing-Yun
=245  12$aModified Yeast-Two-Hybrid System to Identify Proteins Interacting with the Growth Factor Progranulin$h[electronic resource]
=260  \\$aCambridge, MA$bMyJoVE Corp$c2016
=300  \\$aonline resource (476 seconds)
=490  0\$aBiology
=500  \\$aTitle from resource description page
=520  \\$aWe have modified the conventional yeast two-hybrid screening, an effective genetic tool in identifying protein interaction. This modification markedly shortens the process, reduces the workload, and most importantly, reduces the number of false positives. In addition, this approach is reproducible and reliable.
=521  \\$aFor undergraduate, graduate, and professional students
=546  \\$aEnglish
=650  \0$aBiology
=856  40$uhttps://www.jove.com/video/3562
=945  \\$aThe Whole World

