=LDR  00804ngm a2200000i 4500
=001  JoVEBiology3394
=008  161201s2016\\\\xx\\\\\g\\\\\\s\\\\\eng\d
=035  \\$a(OCoLC)733445860
=040  \\$aVaAlASP$cVaAlASP
=100  1\$aLittlejohn,George R.
=245  12$aA Simple Method for Imaging Arabidopsis Leaves Using Perfluorodecalin as an Infiltrative Imaging Medium$h[electronic resource]
=260  \\$aCambridge, MA$bMyJoVE Corp$c2016
=300  \\$aonline resource (319 seconds)
=490  0\$aBiology
=500  \\$aTitle from resource description page
=520  \\$aWe describe the use of perfluorodecalin as an infiltrative mounting medium. This is a simple method for improving depth of imaging in Arabidopsis thaliana leaf tissue with minimal physiological impact.
=521  \\$aFor undergraduate, graduate, and professional students
=546  \\$aEnglish
=650  \0$aBiology
=856  40$uhttps://www.jove.com/video/3394
=945  \\$aThe Whole World

