=LDR  00856ngm a2200000i 4500
=001  JoVEBiology3370
=008  161201s2016\\\\xx\\\\\g\\\\\\s\\\\\eng\d
=035  \\$a(OCoLC)733445860
=040  \\$aVaAlASP$cVaAlASP
=100  1\$aNilvebrant,Johan
=245  12$aOrthogonal Protein Purification Facilitated by a Small Bispecific Affinity Tag$h[electronic resource]
=260  \\$aCambridge, MA$bMyJoVE Corp$c2016
=300  \\$aonline resource (632 seconds)
=490  0\$aBiology
=500  \\$aTitle from resource description page
=520  \\$aA novel and highly efficient two-step affinity chromatography protocol has been developed and is described in detail. The method is based on a small purification tag with two inherent affinities and is applicable to a wide range of target proteins with different properties.

	 

=521  \\$aFor undergraduate, graduate, and professional students
=546  \\$aEnglish
=650  \0$aBiology
=856  40$uhttps://www.jove.com/video/3370
=945  \\$aThe Whole World

