=LDR  00942ngm a2200000i 4500
=001  JoVEMedicine3308
=008  161201s2016\\\\xx\\\\\g\\\\\\s\\\\\eng\d
=035  \\$a(OCoLC)733445860
=040  \\$aVaAlASP$cVaAlASP
=100  1\$aKuhlmann,Michael T.
=245  12$aImplantation of a Carotid Cuff for Triggering Shear-stress Induced Atherosclerosis in Mice$h[electronic resource]
=260  \\$aCambridge, MA$bMyJoVE Corp$c2016
=300  \\$aonline resource (471 seconds)
=490  0\$aMedicine
=500  \\$aTitle from resource description page
=520  \\$aThe constricting cuff presented in this article is designed to induce atherosclerosis in the murine common carotid artery. Due to the conical shape of its inner lumen the implanted cuff generates well-defined regions of low, high and oscillatory shear stress triggering the development of atherosclerotic lesions of different inflammatory phenotypes.
=521  \\$aFor undergraduate, graduate, and professional students
=546  \\$aEnglish
=650  \0$aMedicine
=856  40$uhttps://www.jove.com/video/3308
=945  \\$aThe Whole World

