=LDR  00893ngm a2200000i 4500
=001  JoVEBiology3510
=008  161201s2016\\\\xx\\\\\g\\\\\\s\\\\\eng\d
=035  \\$a(OCoLC)733445860
=040  \\$aVaAlASP$cVaAlASP
=100  1\$aYang,Jingchun
=245  12$aImmunostaining of Dissected Zebrafish Embryonic Heart $h[electronic resource]
=260  \\$aCambridge, MA$bMyJoVE Corp$c2016
=300  \\$aonline resource (383 seconds)
=490  0\$aBiology
=500  \\$aTitle from resource description page
=520  \\$aA rapid way to conduct immunostaining of zebrafish embryonic heart is described.  Compared to the whole mount immunostaining approach, this method dramatically increases the penetration of the antibodies, which allows obtaining high resolution images that reveal cellular/subcellular structures in the heart within a much reduced processing time.
=521  \\$aFor undergraduate, graduate, and professional students
=546  \\$aEnglish
=650  \0$aBiology
=856  40$uhttps://www.jove.com/video/3510
=945  \\$aThe Whole World

