=LDR  01132ngm a2200000i 4500
=001  JoVEBiology3383
=008  161201s2016\\\\xx\\\\\g\\\\\\s\\\\\eng\d
=035  \\$a(OCoLC)733445860
=040  \\$aVaAlASP$cVaAlASP
=100  1\$aUjwal,Rachna
=245  12$aHigh-throughput Crystallization of Membrane Proteins Using the Lipidic Bicelle Method$h[electronic resource]
=260  \\$aCambridge, MA$bMyJoVE Corp$c2016
=300  \\$aonline resource (446 seconds)
=490  0\$aBiology
=500  \\$aTitle from resource description page
=520  \\$aBicelles are lipid/amphiphile mixtures that maintain membrane proteins (MPs) within a lipid bilayer but have unique phase behavior that facilitates high-throughput screening by crystallization robots. This technique has successfully produced a number of high-resolution structures from both prokaryotic and eukaryotic sources. This video describes protocols for generating the lipidic bicelle mixture, incorporating MPs into the bicelle mixture, setting up crystallizations trials (manually as well as robotically) and harvesting crystals from the medium.
=521  \\$aFor undergraduate, graduate, and professional students
=546  \\$aEnglish
=650  \0$aBiology
=856  40$uhttps://www.jove.com/video/3383
=945  \\$aThe Whole World

