=LDR  00890ngm a2200000i 4500
=001  JoVEBiology3037
=008  161201s2016\\\\xx\\\\\g\\\\\\s\\\\\eng\d
=035  \\$a(OCoLC)733445860
=040  \\$aVaAlASP$cVaAlASP
=100  1\$aLässer,Cecilia
=245  12$aIsolation and Characterization of RNA-Containing Exosomes$h[electronic resource]
=260  \\$aCambridge, MA$bMyJoVE Corp$c2016
=300  \\$aonline resource (583 seconds)
=490  0\$aBiology
=500  \\$aTitle from resource description page
=520  \\$aThis paper demonstrates methods for the isolation, purification and detection of exosomes, as well as techniques for analysis of their molecular content. These methods are adaptable for exosome isolation from both cell culture media and biological fluids, and can beyond analysis of molecular content also be useful in functional studies.
=521  \\$aFor undergraduate, graduate, and professional students
=546  \\$aEnglish
=650  \0$aBiology
=856  40$uhttps://www.jove.com/video/3037
=945  \\$aThe Whole World

