=LDR  00814ngm a2200000i 4500
=001  JoVEBiology3202
=008  161201s2016\\\\xx\\\\\g\\\\\\s\\\\\eng\d
=035  \\$a(OCoLC)733445860
=040  \\$aVaAlASP$cVaAlASP
=100  1\$aPennington,Kathleen A.
=245  12$aIsolation of Primary Mouse Trophoblast Cells and Trophoblast Invasion Assay$h[electronic resource]
=260  \\$aCambridge, MA$bMyJoVE Corp$c2016
=300  \\$aonline resource (595 seconds)
=490  0\$aBiology
=500  \\$aTitle from resource description page
=520  \\$aIn this protocol, we describe the dissection of placentae from the mouse on pregnancy d10.5, followed by isolation of trophoblast cells using a Percoll gradient. We then demonstrate use of the isolated cells in a matrigel invasion assay.
=521  \\$aFor undergraduate, graduate, and professional students
=546  \\$aEnglish
=650  \0$aBiology
=856  40$uhttps://www.jove.com/video/3202
=945  \\$aThe Whole World

