=LDR  00872ngm a2200000i 4500
=001  JoVEMedicine3452
=008  161201s2016\\\\xx\\\\\g\\\\\\s\\\\\eng\d
=035  \\$a(OCoLC)733445860
=040  \\$aVaAlASP$cVaAlASP
=100  1\$aJain,Shushant
=245  12$aHigh Content Screening in Neurodegenerative Diseases$h[electronic resource]
=260  \\$aCambridge, MA$bMyJoVE Corp$c2016
=300  \\$aonline resource (812 seconds)
=490  0\$aMedicine
=500  \\$aTitle from resource description page
=520  \\$aWe describe a methodology combining automated cell culturing with high-content imaging to visualize and quantify multiple cellular processes and structures, in a high-throughput manner. Such methods can aid in the further functional annotation of genomes as well as identify disease gene networks and potential drug targets.
=521  \\$aFor undergraduate, graduate, and professional students
=546  \\$aEnglish
=650  \0$aMedicine
=856  40$uhttps://www.jove.com/video/3452
=945  \\$aThe Whole World

