=LDR  00758ngm a2200000i 4500
=001  JoVEMedicine3396
=008  161201s2016\\\\xx\\\\\g\\\\\\s\\\\\eng\d
=035  \\$a(OCoLC)733445860
=040  \\$aVaAlASP$cVaAlASP
=100  1\$aPelch,Katherine E.
=245  12$aMouse Model of Surgically-induced Endometriosis by Auto-transplantation of Uterine Tissue$h[electronic resource]
=260  \\$aCambridge, MA$bMyJoVE Corp$c2016
=300  \\$aonline resource (482 seconds)
=490  0\$aMedicine
=500  \\$aTitle from resource description page
=520  \\$aA description of the surgical induction of endometriosis in mice and rats by auto-transplantation of uterine tissue to the arterial cascade of the intestinal mesentery.
=521  \\$aFor undergraduate, graduate, and professional students
=546  \\$aEnglish
=650  \0$aMedicine
=856  40$uhttps://www.jove.com/video/3396
=945  \\$aThe Whole World

