=LDR  00898ngm a2200000i 4500
=001  JoVEMedicine3417
=008  161201s2016\\\\xx\\\\\g\\\\\\s\\\\\eng\d
=035  \\$a(OCoLC)733445860
=040  \\$aVaAlASP$cVaAlASP
=100  1\$aSchaer,Marie
=245  12$aHow to Measure Cortical Folding from MR Images: a Step-by-Step Tutorial to Compute Local Gyrification Index$h[electronic resource]
=260  \\$aCambridge, MA$bMyJoVE Corp$c2016
=300  \\$aonline resource (597 seconds)
=490  0\$aMedicine
=500  \\$aTitle from resource description page
=520  \\$aMeasuring gyrification (cortical folding) at any age represents a window into early brain development. Hence, we previously developed an algorithm to measure local gyrification at thousands of points over the hemisphere1. In this paper, we detail the computation of this local gyrification index.
=521  \\$aFor undergraduate, graduate, and professional students
=546  \\$aEnglish
=650  \0$aMedicine
=856  40$uhttps://www.jove.com/video/3417
=945  \\$aThe Whole World

