=LDR  00824ngm a2200000i 4500
=001  JoVEBiology3302
=008  161201s2016\\\\xx\\\\\g\\\\\\s\\\\\eng\d
=035  \\$a(OCoLC)733445860
=040  \\$aVaAlASP$cVaAlASP
=100  1\$aFlynn,James M.
=245  12$aSingle Cell Transcriptional Profiling of Adult Mouse Cardiomyocytes$h[electronic resource]
=260  \\$aCambridge, MA$bMyJoVE Corp$c2016
=300  \\$aonline resource (503 seconds)
=490  0\$aBiology
=500  \\$aTitle from resource description page
=520  \\$aSingle cell expression profiling allows the detailed gene expression analysis of individual cells.  We describe methods for the isolation of cardiomyocytes, and preparing the resulting lysates for either whole transcriptome microarray or qPCR of specific targets.
=521  \\$aFor undergraduate, graduate, and professional students
=546  \\$aEnglish
=650  \0$aBiology
=856  40$uhttps://www.jove.com/video/3302
=945  \\$aThe Whole World

