=LDR  00907ngm a2200000i 4500
=001  JoVEBiology3407
=008  161201s2016\\\\xx\\\\\g\\\\\\s\\\\\eng\d
=035  \\$a(OCoLC)733445860
=040  \\$aVaAlASP$cVaAlASP
=100  1\$aBurnett,Lindsey A.
=245  12$aTwo Types of Assays for Detecting Frog Sperm Chemoattraction$h[electronic resource]
=260  \\$aCambridge, MA$bMyJoVE Corp$c2016
=300  \\$aonline resource (602 seconds)
=490  0\$aBiology
=500  \\$aTitle from resource description page
=520  \\$aEggs and the extracellular coatings around eggs frequently release peptides, proteins and small molecules that communicate with sperm to guide them to the egg thereby promoting fertilization.  Using frog sperm we describe and compare two classes of assays used to detect sperm chemoattraction – sperm accumulation assays and sperm tracking assays.
=521  \\$aFor undergraduate, graduate, and professional students
=546  \\$aEnglish
=650  \0$aBiology
=856  40$uhttps://www.jove.com/video/3407
=945  \\$aThe Whole World

