=LDR  00913ngm a2200000i 4500
=001  JoVEBiology3603
=008  161201s2016\\\\xx\\\\\g\\\\\\s\\\\\eng\d
=035  \\$a(OCoLC)733445860
=040  \\$aVaAlASP$cVaAlASP
=100  1\$aThummel,Ryan
=245  12$aIn vivo Electroporation of Morpholinos into the Adult Zebrafish Retina$h[electronic resource]
=260  \\$aCambridge, MA$bMyJoVE Corp$c2016
=300  \\$aonline resource (415 seconds)
=490  0\$aBiology
=500  \\$aTitle from resource description page
=520  \\$aA method to conditionally knockdown a target protein’s expression in the adult zebrafish retina is described, which involves intravitreally injecting antisense morpholinos and electroporating them into the retina. The resulting protein is knocked down for several days, which allows testing the protein’s role in the regenerating or intact retina.
=521  \\$aFor undergraduate, graduate, and professional students
=546  \\$aEnglish
=650  \0$aBiology
=856  40$uhttps://www.jove.com/video/3603
=945  \\$aThe Whole World

