=LDR  00932ngm a2200000i 4500
=001  JoVEBiology3749
=008  161201s2016\\\\xx\\\\\g\\\\\\s\\\\\eng\d
=035  \\$a(OCoLC)733445860
=040  \\$aVaAlASP$cVaAlASP
=100  1\$aMagnelli,Paula E.
=245  12$aIdentification and Characterization of Protein Glycosylation using Specific Endo- and Exoglycosidases$h[electronic resource]
=260  \\$aCambridge, MA$bMyJoVE Corp$c2016
=300  \\$aonline resource (594 seconds)
=490  0\$aBiology
=500  \\$aTitle from resource description page
=520  \\$aUsing specific glycosidases to remove sugars from glycoproteins followed by SDS-PAGE is a valuable method to detect glycan modifications on protein samples and is a good choice for initial glycobiology studies.  Changes following deglycosylation can be detected as shifts in gel mobility or by staining with glycan sensitive reagents.
=521  \\$aFor undergraduate, graduate, and professional students
=546  \\$aEnglish
=650  \0$aBiology
=856  40$uhttps://www.jove.com/video/3749
=945  \\$aThe Whole World

