=LDR  00893ngm a2200000i 4500
=001  JoVEBiology3179
=008  161201s2016\\\\xx\\\\\g\\\\\\s\\\\\eng\d
=035  \\$a(OCoLC)733445860
=040  \\$aVaAlASP$cVaAlASP
=100  1\$aEhlert,Frederick J.
=245  12$aQuantifying Agonist Activity at G Protein-coupled Receptors$h[electronic resource]
=260  \\$aCambridge, MA$bMyJoVE Corp$c2016
=300  \\$aonline resource (705 seconds)
=490  0\$aBiology
=500  \\$aTitle from resource description page
=520  \\$aA method for estimating the affinity constant of an agonist for the active state (Kb) of a G protein-coupled receptor is described. The analysis provides absolute or relative measures of Kb depending on whether constitutive receptor activation is measurable. Our method applies to various responses downstream from receptor activation.
=521  \\$aFor undergraduate, graduate, and professional students
=546  \\$aEnglish
=650  \0$aBiology
=856  40$uhttps://www.jove.com/video/3179
=945  \\$aThe Whole World

