=LDR  00978ngm a2200000i 4500
=001  JoVEMedicine3297
=008  161201s2016\\\\xx\\\\\g\\\\\\s\\\\\eng\d
=035  \\$a(OCoLC)733445860
=040  \\$aVaAlASP$cVaAlASP
=100  1\$aHuang,Yu
=245  12$aEvaluation of Cancer Stem Cell Migration Using Compartmentalizing Microfluidic Devices and Live Cell Imaging$h[electronic resource]
=260  \\$aCambridge, MA$bMyJoVE Corp$c2016
=300  \\$aonline resource (576 seconds)
=490  0\$aMedicine
=500  \\$aTitle from resource description page
=520  \\$aA compartmentalizing microfluidic device for investigating cancer stem cell migration is described. This novel platform creates a viable cellular microenvironment and enables microscopic visualization of live cell locomotion. Highly motile cancer cells are isolated to study molecular mechanisms of aggressive infiltration, potentially leading to more effective future therapies.
=521  \\$aFor undergraduate, graduate, and professional students
=546  \\$aEnglish
=650  \0$aMedicine
=856  40$uhttps://www.jove.com/video/3297
=945  \\$aThe Whole World

