=LDR  00855ngm a2200000i 4500
=001  JoVEBiology3511
=008  161201s2016\\\\xx\\\\\g\\\\\\s\\\\\eng\d
=035  \\$a(OCoLC)733445860
=040  \\$aVaAlASP$cVaAlASP
=100  1\$aMallilankaraman,Karthik
=245  12$aVisualization of Vascular Ca2+ Signaling Triggered by Paracrine Derived ROS$h[electronic resource]
=260  \\$aCambridge, MA$bMyJoVE Corp$c2016
=300  \\$aonline resource (453 seconds)
=490  0\$aBiology
=500  \\$aTitle from resource description page
=520  \\$aAn efficient method to gain insights into visualizing the paracrine-derived ROS induction of endothelial Ca2+ signaling is described. This method takes advantage of measuring paracrine derived ROS triggered Ca2+ mobilization in vascular endothelial cells in a co-culture model.
=521  \\$aFor undergraduate, graduate, and professional students
=546  \\$aEnglish
=650  \0$aBiology
=856  40$uhttps://www.jove.com/video/3511
=945  \\$aThe Whole World

