=LDR  00785ngm a2200000i 4500
=001  JoVEBiology3305
=008  161201s2016\\\\xx\\\\\g\\\\\\s\\\\\eng\d
=035  \\$a(OCoLC)733445860
=040  \\$aVaAlASP$cVaAlASP
=100  1\$aCoussens,Matthew J.
=245  12$aMISSION LentiPlex Pooled shRNA Library Screening in Mammalian Cells$h[electronic resource]
=260  \\$aCambridge, MA$bMyJoVE Corp$c2016
=300  \\$aonline resource (552 seconds)
=490  0\$aBiology
=500  \\$aTitle from resource description page
=520  \\$aHere we use a human LentiPlex pooled library and traditional sequencing methods to identify gene targets promoting cell survival. We demonstrate how to set up and deconvolute a LentiPlex screen and validate the results.
=521  \\$aFor undergraduate, graduate, and professional students
=546  \\$aEnglish
=650  \0$aBiology
=856  40$uhttps://www.jove.com/video/3305
=945  \\$aThe Whole World

