=LDR  00927ngm a2200000i 4500
=001  JoVEBiology3474
=008  161201s2016\\\\xx\\\\\g\\\\\\s\\\\\eng\d
=035  \\$a(OCoLC)733445860
=040  \\$aVaAlASP$cVaAlASP
=100  1\$aFowler,Matthew L.
=245  12$aDirect Detection of the Acetate-forming Activity  of the Enzyme Acetate Kinase$h[electronic resource]
=260  \\$aCambridge, MA$bMyJoVE Corp$c2016
=300  \\$aonline resource (351 seconds)
=490  0\$aBiology
=500  \\$aTitle from resource description page
=520  \\$aA method for the determination of acetate kinase activity is described. This assay utilizes a direct reaction for determining enzyme activity and kinetics of acetate kinase in the acetate-forming direction with different phosphoryl acceptors. Furthermore, this method can be utilized for assaying other acetyl phosphate or acetyl-CoA utilizing enzymes.
=521  \\$aFor undergraduate, graduate, and professional students
=546  \\$aEnglish
=650  \0$aBiology
=856  40$uhttps://www.jove.com/video/3474
=945  \\$aThe Whole World

