=LDR  00938ngm a2200000i 4500
=001  JoVEBiology3395
=008  161201s2016\\\\xx\\\\\g\\\\\\s\\\\\eng\d
=035  \\$a(OCoLC)733445860
=040  \\$aVaAlASP$cVaAlASP
=100  1\$aRogers,William A.
=245  12$aQuantitative Comparison of cis-Regulatory Element (CRE) Activities in Transgenic Drosophila melanogaster$h[electronic resource]
=260  \\$aCambridge, MA$bMyJoVE Corp$c2016
=300  \\$aonline resource (499 seconds)
=490  0\$aBiology
=500  \\$aTitle from resource description page
=520  \\$aPhenotypic variation for traits can result from mutations in cis-regulatory element (CRE) sequences that control gene expression patterns. Methods derived for use in Drosophila melanogaster can quantitatively compare the levels of spatial and temporal patterns of gene expression mediated by modified or naturally occurring CRE variants.
=521  \\$aFor undergraduate, graduate, and professional students
=546  \\$aEnglish
=650  \0$aBiology
=856  40$uhttps://www.jove.com/video/3395
=945  \\$aThe Whole World

