=LDR  00930ngm a2200000i 4500
=001  JoVEBiology3440
=008  161201s2016\\\\xx\\\\\g\\\\\\s\\\\\eng\d
=035  \\$a(OCoLC)733445860
=040  \\$aVaAlASP$cVaAlASP
=100  1\$aRodriguez-Saona,Cesar R.
=245  12$aHerbivore-induced Blueberry Volatiles and Intra-plant Signaling$h[electronic resource]
=260  \\$aCambridge, MA$bMyJoVE Corp$c2016
=300  \\$aonline resource (628 seconds)
=490  0\$aBiology
=500  \\$aTitle from resource description page
=520  \\$aA push-pull method for collecting plant volatiles is described.  The method allows for a comparison of volatiles induced by herbivore feeding, exogenous methyl jasmonate, and mechanical damage.  This technique is also used to investigate the volatile response of undamaged branches to exposure to volatiles from herbivore-damaged branches within blueberry plants.
=521  \\$aFor undergraduate, graduate, and professional students
=546  \\$aEnglish
=650  \0$aBiology
=856  40$uhttps://www.jove.com/video/3440
=945  \\$aThe Whole World

