=LDR  00909ngm a2200000i 4500
=001  JoVEMedicine3677
=008  161201s2016\\\\xx\\\\\g\\\\\\s\\\\\eng\d
=035  \\$a(OCoLC)733445860
=040  \\$aVaAlASP$cVaAlASP
=100  1\$aGurfinkel,Victor S.
=245  12$aMethod to Measure Tone of Axial and Proximal Muscle$h[electronic resource]
=260  \\$aCambridge, MA$bMyJoVE Corp$c2016
=300  \\$aonline resource (641 seconds)
=490  0\$aMedicine
=500  \\$aTitle from resource description page
=520  \\$aWe have developed a device (Twister) to study the regulation of tonic muscle activity during active postural maintenance.  Twister measures torsional resistance and muscular responses in standing subjects during twisting of the body axis.  The device can be flexibly configured to study various aspects of tonic control across the neck, trunk, and/or hips.
=521  \\$aFor undergraduate, graduate, and professional students
=546  \\$aEnglish
=650  \0$aMedicine
=856  40$uhttps://www.jove.com/video/3677
=945  \\$aThe Whole World

