=LDR  00885ngm a2200000i 4500
=001  JoVEMedicine3536
=008  161201s2016\\\\xx\\\\\g\\\\\\s\\\\\eng\d
=035  \\$a(OCoLC)733445860
=040  \\$aVaAlASP$cVaAlASP
=100  1\$aDimova,Kalina
=245  12$aSkeletal Muscle Gender Dimorphism from Proteomics$h[electronic resource]
=260  \\$aCambridge, MA$bMyJoVE Corp$c2016
=300  \\$aonline resource (570 seconds)
=490  0\$aMedicine
=500  \\$aTitle from resource description page
=520  \\$aA straight-forward set of methods to isolate and determine the identity of the most abundant proteins expressed in skeletal muscle.  About 800 spots are discerned on a two-dimensional gel from 10 mg muscle; this allows for the determination of gender-specific protein expression.  These methods will give equivalent results in most tissues.
=521  \\$aFor undergraduate, graduate, and professional students
=546  \\$aEnglish
=650  \0$aMedicine
=856  40$uhttps://www.jove.com/video/3536
=945  \\$aThe Whole World

