=LDR  00989ngm a2200000i 4500
=001  JoVEBiology3715
=008  161201s2016\\\\xx\\\\\g\\\\\\s\\\\\eng\d
=035  \\$a(OCoLC)733445860
=040  \\$aVaAlASP$cVaAlASP
=100  1\$aWunderlich,Michelle L.
=245  12$aMultiplexed Fluorometric ImmunoAssay Testing Methodology and Troubleshooting$h[electronic resource]
=260  \\$aCambridge, MA$bMyJoVE Corp$c2016
=300  \\$aonline resource (485 seconds)
=490  0\$aBiology
=500  \\$aTitle from resource description page
=520  \\$aUsing Luminex Corporation’s xMAP microsphere technology, we have developed the Multiplexed Fluorometric ImmunoAssay (MFIA) for serosurveillance of various laboratory animal species. The MFIA is a suspension microarray where antigen, tissue control or immunoglobulins are covalently linked to color-coded polystyrene microspheres. The MFIA testing method as well as various troubleshooting topics is addressed.
=521  \\$aFor undergraduate, graduate, and professional students
=546  \\$aEnglish
=650  \0$aBiology
=856  40$uhttps://www.jove.com/video/3715
=945  \\$aThe Whole World

