=LDR  00932ngm a2200000i 4500
=001  JoVEBiology3713
=008  161201s2016\\\\xx\\\\\g\\\\\\s\\\\\eng\d
=035  \\$a(OCoLC)733445860
=040  \\$aVaAlASP$cVaAlASP
=100  1\$aLiu,Ling
=245  12$aMouse Sperm Cryopreservation and Recovery using the I·Cryo Kit$h[electronic resource]
=260  \\$aCambridge, MA$bMyJoVE Corp$c2016
=300  \\$aonline resource (426 seconds)
=490  0\$aBiology
=500  \\$aTitle from resource description page
=520  \\$aHere we demonstrate the newly developed I•Cryo kit for mouse sperm cryopreservation.  Two-cell stage embryo development with frozen-thawed sperm was improved consistently in 5 mouse strains with the use of this kit.  Over a 1.5 year period, 49 genetically modified mouse lines were archived by sperm cryopreservation with the I•Cryo kit and later successfully recovered by IVF.
=521  \\$aFor undergraduate, graduate, and professional students
=546  \\$aEnglish
=650  \0$aBiology
=856  40$uhttps://www.jove.com/video/3713
=945  \\$aThe Whole World

