=LDR  00919ngm a2200000i 4500
=001  JoVEMedicine3525
=008  161201s2016\\\\xx\\\\\g\\\\\\s\\\\\eng\d
=035  \\$a(OCoLC)733445860
=040  \\$aVaAlASP$cVaAlASP
=100  1\$aScott,Rebecca W.
=245  12$aModeling and Imaging 3-Dimensional Collective Cell Invasion$h[electronic resource]
=260  \\$aCambridge, MA$bMyJoVE Corp$c2016
=300  \\$aonline resource (428 seconds)
=490  0\$aMedicine
=500  \\$aTitle from resource description page
=520  \\$aModels of tumor cell invasion into three-dimensional extracellular matrix better reflect the in vivo situation than two-dimensional motility assays. Using matrix invasion assays combined with confocal imaging of fluorescently-labeled cells, detailed information on invasion modes and the distinct contributions of leading versus following cells can be obtained.
=521  \\$aFor undergraduate, graduate, and professional students
=546  \\$aEnglish
=650  \0$aMedicine
=856  40$uhttps://www.jove.com/video/3525
=945  \\$aThe Whole World

