=LDR  00897ngm a2200000i 4500
=001  JoVEMedicine3246
=008  161201s2016\\\\xx\\\\\g\\\\\\s\\\\\eng\d
=035  \\$a(OCoLC)733445860
=040  \\$aVaAlASP$cVaAlASP
=100  1\$aMcManus,Madonna M.
=245  12$aLongitudinal Evaluation of Mouse Hind Limb Bone Loss After Spinal Cord Injury using Novel, in vivo, Methodology$h[electronic resource]
=260  \\$aCambridge, MA$bMyJoVE Corp$c2016
=300  \\$aonline resource (639 seconds)
=490  0\$aMedicine
=500  \\$aTitle from resource description page
=520  \\$aA longitudinal examination of bone loss in the femurs and tibiae of adult mice was performed following spinal cord injury using sequential low-dose X-ray scans.  Tibia bone loss was detected throughout the study, while bone loss in the femur was not detected until 40 days post injury.
=521  \\$aFor undergraduate, graduate, and professional students
=546  \\$aEnglish
=650  \0$aMedicine
=856  40$uhttps://www.jove.com/video/3246
=945  \\$aThe Whole World

