=LDR  00900ngm a2200000i 4500
=001  JoVEBiology3418
=008  161201s2016\\\\xx\\\\\g\\\\\\s\\\\\eng\d
=035  \\$a(OCoLC)733445860
=040  \\$aVaAlASP$cVaAlASP
=100  1\$aAbraham,Elizabeth J.
=245  12$aScale-Up of Mammalian Cell Culture using a New Multilayered Flask$h[electronic resource]
=260  \\$aCambridge, MA$bMyJoVE Corp$c2016
=300  \\$aonline resource (519 seconds)
=490  0\$aBiology
=500  \\$aTitle from resource description page
=520  \\$aCells play an instrumental and increasing role in research, and the discovery and development of new therapeutics. With this increasing need for greater number of cells we need more efficient and effective ways for growing and harvesting attachment dependent cells.  A Multilayered flask with the right features can serve this purpose.
=521  \\$aFor undergraduate, graduate, and professional students
=546  \\$aEnglish
=650  \0$aBiology
=856  40$uhttps://www.jove.com/video/3418
=945  \\$aThe Whole World

