=LDR  00921ngm a2200000i 4500
=001  JoVEMedicine3176
=008  161201s2016\\\\xx\\\\\g\\\\\\s\\\\\eng\d
=035  \\$a(OCoLC)733445860
=040  \\$aVaAlASP$cVaAlASP
=100  1\$aCreel,Donnell J.
=245  12$aMultifocal Electroretinograms$h[electronic resource]
=260  \\$aCambridge, MA$bMyJoVE Corp$c2016
=300  \\$aonline resource (1009 seconds)
=490  0\$aMedicine
=500  \\$aTitle from resource description page
=520  \\$aThe development of the multifocal electroretinogram (mfERG) is an important advance in the diagnosis and characterization of retinopathy.  Multifocal electroretinograms are a mathematical average of an approximation of a b-wave.  Software programs can derive ERGs from more than a hundred retinal areas in a few minutes per eye.  Scotomas and retinal dysfunction can be mapped and quantified.
=521  \\$aFor undergraduate, graduate, and professional students
=546  \\$aEnglish
=650  \0$aMedicine
=856  40$uhttps://www.jove.com/video/3176
=945  \\$aThe Whole World

