=LDR  00915ngm a2200000i 4500
=001  JoVEBiology3505
=008  161201s2016\\\\xx\\\\\g\\\\\\s\\\\\eng\d
=035  \\$a(OCoLC)733445860
=040  \\$aVaAlASP$cVaAlASP
=100  1\$aGolebiewska,Urszula
=245  12$aMeasuring Fast Calcium Fluxes in Cardiomyocytes$h[electronic resource]
=260  \\$aCambridge, MA$bMyJoVE Corp$c2016
=300  \\$aonline resource (730 seconds)
=490  0\$aBiology
=500  \\$aTitle from resource description page
=520  \\$aWe present a method to isolate rapid (microsecond) calcium events from slower fluxes in living cells using laser scanning confocal microscopy.   The method measures fluorescence intensity fluctuations of calcium indicators by recording line scans of several hundred pixels in a cell.  Histogram analysis allows us to isolate the time scales of different calcium fluxes.
=521  \\$aFor undergraduate, graduate, and professional students
=546  \\$aEnglish
=650  \0$aBiology
=856  40$uhttps://www.jove.com/video/3505
=945  \\$aThe Whole World

