=LDR  00791ngm a2200000i 4500
=001  JoVEBiology3203
=008  161201s2016\\\\xx\\\\\g\\\\\\s\\\\\eng\d
=035  \\$a(OCoLC)733445860
=040  \\$aVaAlASP$cVaAlASP
=100  1\$aRezvani,Niloofar
=245  12$aImaging of Estrogen Receptor-α in Rat Pial Arterioles using a Digital Immunofluorescent Microscope$h[electronic resource]
=260  \\$aCambridge, MA$bMyJoVE Corp$c2016
=300  \\$aonline resource (462 seconds)
=490  0\$aBiology
=500  \\$aTitle from resource description page
=520  \\$aThe goal of this article is to demonstrate a method to optimize immunofluorescent detection of estrogen receptor-α (ERα) in rat pial arterial slices using a digital immunofluorescent microscope.
=521  \\$aFor undergraduate, graduate, and professional students
=546  \\$aEnglish
=650  \0$aBiology
=856  40$uhttps://www.jove.com/video/3203
=945  \\$aThe Whole World

