=LDR  00875ngm a2200000i 4500
=001  JoVEBiology3381
=008  161201s2016\\\\xx\\\\\g\\\\\\s\\\\\eng\d
=035  \\$a(OCoLC)733445860
=040  \\$aVaAlASP$cVaAlASP
=100  1\$aTabler,Jacqueline M.
=245  12$aElectroporation of Craniofacial Mesenchyme$h[electronic resource]
=260  \\$aCambridge, MA$bMyJoVE Corp$c2016
=300  \\$aonline resource (443 seconds)
=490  0\$aBiology
=500  \\$aTitle from resource description page
=520  \\$aCraniofacial cartilages develop in close contact with other tissues and are difficult to manipulate in live animals. We are using electroporation to deliver molecular tools during growth of the craniofacial skeleton while bypassing early embryonic effects. This approach will allow us to efficiently test candidate molecules in vivo.
=521  \\$aFor undergraduate, graduate, and professional students
=546  \\$aEnglish
=650  \0$aBiology
=856  40$uhttps://www.jove.com/video/3381
=945  \\$aThe Whole World

