=LDR  00961ngm a2200000i 4500
=001  JoVEBiology3148
=008  161201s2016\\\\xx\\\\\g\\\\\\s\\\\\eng\d
=035  \\$a(OCoLC)733445860
=040  \\$aVaAlASP$cVaAlASP
=100  1\$aWinkler,Michael
=245  12$aA Quantitative Assay for Insulin-expressing Colony-forming Progenitors$h[electronic resource]
=260  \\$aCambridge, MA$bMyJoVE Corp$c2016
=300  \\$aonline resource (879 seconds)
=490  0\$aBiology
=500  \\$aTitle from resource description page
=520  \\$aA three-dimensional clonogenic assay that allows pancreatic-like progenitors to differentiate into insulin-expressing colonies is described. This method takes advantage of semi-solid media containing methylcellulose, Matrigel and growth factors, in which single progenitors proliferate and differentiate in vitro, permitting quantification of the number of functional progenitors in a population.
=521  \\$aFor undergraduate, graduate, and professional students
=546  \\$aEnglish
=650  \0$aBiology
=856  40$uhttps://www.jove.com/video/3148
=945  \\$aThe Whole World

