=LDR  00720ngm a2200000i 4500
=001  JoVEBiology3602
=008  161201s2016\\\\xx\\\\\g\\\\\\s\\\\\eng\d
=035  \\$a(OCoLC)733445860
=040  \\$aVaAlASP$cVaAlASP
=100  1\$aHsu,Yuan-Hao
=245  12$aAmide Hydrogen/Deuterium Exchange & MALDI-TOF Mass Spectrometry Analysis of Pak2 Activation$h[electronic resource]
=260  \\$aCambridge, MA$bMyJoVE Corp$c2016
=300  \\$aonline resource (435 seconds)
=490  0\$aBiology
=500  \\$aTitle from resource description page
=520  \\$aMALDI-TOF mass spectrometry was successfully utilized to monitor the amide hydrogen/deuterium exchange in protein kinase Pak2 activation.
=521  \\$aFor undergraduate, graduate, and professional students
=546  \\$aEnglish
=650  \0$aBiology
=856  40$uhttps://www.jove.com/video/3602
=945  \\$aThe Whole World

