=LDR  00903ngm a2200000i 4500
=001  JoVEBiology3328
=008  161201s2016\\\\xx\\\\\g\\\\\\s\\\\\eng\d
=035  \\$a(OCoLC)733445860
=040  \\$aVaAlASP$cVaAlASP
=100  1\$aJavelle,Marie
=245  12$aIn Situ Hybridization for the Precise Localization of Transcripts in Plants$h[electronic resource]
=260  \\$aCambridge, MA$bMyJoVE Corp$c2016
=300  \\$aonline resource (735 seconds)
=490  0\$aBiology
=500  \\$aTitle from resource description page
=520  \\$aThe in situ hybridization protocol described here allows a direct localization of mRNA and small RNA expression at the cellular level with high sensitivity and specificity. The procedure is optimized for paraffin-embedded plant tissue sections, is applicable to a wide range of plants and tissues, and can be completed within ten days.
=521  \\$aFor undergraduate, graduate, and professional students
=546  \\$aEnglish
=650  \0$aBiology
=856  40$uhttps://www.jove.com/video/3328
=945  \\$aThe Whole World

