=LDR  00971ngm a2200000i 4500
=001  JoVEBiology3266
=008  161201s2016\\\\xx\\\\\g\\\\\\s\\\\\eng\d
=035  \\$a(OCoLC)733445860
=040  \\$aVaAlASP$cVaAlASP
=100  1\$aRoss,Jaime M.
=245  12$aVisualization of Mitochondrial Respiratory Function using Cytochrome C Oxidase / Succinate Dehydrogenase (COX/SDH) Double-labeling Histochemistry$h[electronic resource]
=260  \\$aCambridge, MA$bMyJoVE Corp$c2016
=300  \\$aonline resource (413 seconds)
=490  0\$aBiology
=500  \\$aTitle from resource description page
=520  \\$aThe cytochrome c oxidase/sodium dehydrogenase (COX/SDH) double-labeling method allows for direct visualization of mitochondrial respiratory enzyme deficiencies in fresh-frozen tissue sections. This is a straightforward histochemical technique and is useful in investigating mitochondrial diseases, aging, and aging-related disorders.
=521  \\$aFor undergraduate, graduate, and professional students
=546  \\$aEnglish
=650  \0$aBiology
=856  40$uhttps://www.jove.com/video/3266
=945  \\$aThe Whole World

