=LDR  00660ngm a2200000i 4500
=001  JoVEMedicine3357
=008  161201s2016\\\\xx\\\\\g\\\\\\s\\\\\eng\d
=035  \\$a(OCoLC)733445860
=040  \\$aVaAlASP$cVaAlASP
=100  1\$aWu,Danli
=245  12$aProduction and Detection of Reactive Oxygen Species (ROS) in Cancers$h[electronic resource]
=260  \\$aCambridge, MA$bMyJoVE Corp$c2016
=300  \\$aonline resource (436 seconds)
=490  0\$aMedicine
=500  \\$aTitle from resource description page
=520  \\$aHere we propose simple methods to test and evaluate the presence of reactive oxygen species in cells.
=521  \\$aFor undergraduate, graduate, and professional students
=546  \\$aEnglish
=650  \0$aMedicine
=856  40$uhttps://www.jove.com/video/3357
=945  \\$aThe Whole World

