=LDR  01021ngm a2200000i 4500
=001  JoVEMedicine3260
=008  161201s2016\\\\xx\\\\\g\\\\\\s\\\\\eng\d
=035  \\$a(OCoLC)733445860
=040  \\$aVaAlASP$cVaAlASP
=100  1\$aCesarovic,Nikola
=245  12$aImplantation of Radiotelemetry Transmitters Yielding Data on ECG, Heart Rate, Core Body Temperature and Activity in Free-moving Laboratory Mice$h[electronic resource]
=260  \\$aCambridge, MA$bMyJoVE Corp$c2016
=300  \\$aonline resource (551 seconds)
=490  0\$aMedicine
=500  \\$aTitle from resource description page
=520  \\$aA surgical technique for implantation of commercially available telemetry transmitters used for continuous measurement of biopotential (one-lead ECG), heart rate, core body temperature and locomotor activity in freely moving mice is shown. Recommendations and protocols for post-operative care and pain relief, improving recovery, well being and survival rate are also presented.
=521  \\$aFor undergraduate, graduate, and professional students
=546  \\$aEnglish
=650  \0$aMedicine
=856  40$uhttps://www.jove.com/video/3260
=945  \\$aThe Whole World

