=LDR  00695ngm a2200000i 4500
=001  JoVEMedicine3184
=008  161201s2016\\\\xx\\\\\g\\\\\\s\\\\\eng\d
=035  \\$a(OCoLC)733445860
=040  \\$aVaAlASP$cVaAlASP
=100  1\$aMahajan,Vinit B.
=245  12$aMouse Eye Enucleation for Remote High-throughput Phenotyping$h[electronic resource]
=260  \\$aCambridge, MA$bMyJoVE Corp$c2016
=300  \\$aonline resource (330 seconds)
=490  0\$aMedicine
=500  \\$aTitle from resource description page
=520  \\$aThe dissection technique illustrates enucleation of the mouse eye for tissue fixation to perform phenotyping in high-throughput screens.
=521  \\$aFor undergraduate, graduate, and professional students
=546  \\$aEnglish
=650  \0$aMedicine
=856  40$uhttps://www.jove.com/video/3184
=945  \\$aThe Whole World

