=LDR  00949ngm a2200000i 4500
=001  JoVEBiology3187
=008  161201s2016\\\\xx\\\\\g\\\\\\s\\\\\eng\d
=035  \\$a(OCoLC)733445860
=040  \\$aVaAlASP$cVaAlASP
=100  1\$aDoggett,Travis M.
=245  12$aStudy of the Actin Cytoskeleton in Live Endothelial Cells Expressing GFP-Actin$h[electronic resource]
=260  \\$aCambridge, MA$bMyJoVE Corp$c2016
=300  \\$aonline resource (517 seconds)
=490  0\$aBiology
=500  \\$aTitle from resource description page
=520  \\$aMicroscopic imaging of live endothelial cells expressing GFP-actin allows characterization of dynamic changes in cytoskeletal structures. Unlike techniques that use fixed specimens, this method provides a detailed assessment of temporal changes in the actin cytoskeleton in the same cells before, during, and after various physical, pharmacological, or inflammatory stimuli.
=521  \\$aFor undergraduate, graduate, and professional students
=546  \\$aEnglish
=650  \0$aBiology
=856  40$uhttps://www.jove.com/video/3187
=945  \\$aThe Whole World

