=LDR  00830ngm a2200000i 4500
=001  JoVEBiology3155
=008  161201s2016\\\\xx\\\\\g\\\\\\s\\\\\eng\d
=035  \\$a(OCoLC)733445860
=040  \\$aVaAlASP$cVaAlASP
=100  1\$aMochida,Keiji
=245  12$aCryopreservation of Mouse Embryos by Ethylene Glycol-Based Vitrification$h[electronic resource]
=260  \\$aCambridge, MA$bMyJoVE Corp$c2016
=300  \\$aonline resource (360 seconds)
=490  0\$aBiology
=500  \\$aTitle from resource description page
=520  \\$aAn ethylene glycol-based vitrification method for mouse embryos is described. It is advantageous to other methods in its simplicity and low embryonic toxicity, and therefore can be broadly applicable to many strains of mice, including inbred and gene-modified mice.
=521  \\$aFor undergraduate, graduate, and professional students
=546  \\$aEnglish
=650  \0$aBiology
=856  40$uhttps://www.jove.com/video/3155
=945  \\$aThe Whole World

