=LDR  00698ngm a2200000i 4500
=001  JoVEBiology3659
=008  161201s2016\\\\xx\\\\\g\\\\\\s\\\\\eng\d
=035  \\$a(OCoLC)733445860
=040  \\$aVaAlASP$cVaAlASP
=100  1\$aRemple,Krissy
=245  12$aAssessment of GFP Expression and Viability Using the Tali Image-Based Cytometer$h[electronic resource]
=260  \\$aCambridge, MA$bMyJoVE Corp$c2016
=300  \\$aonline resource (659 seconds)
=490  0\$aBiology
=500  \\$aTitle from resource description page
=520  \\$aThis protocol describes how to perform cell viability and fluorescence expression assays using the Tali Image-Based Cytometer.
=521  \\$aFor undergraduate, graduate, and professional students
=546  \\$aEnglish
=650  \0$aBiology
=856  40$uhttps://www.jove.com/video/3659
=945  \\$aThe Whole World

