=LDR  00958ngm a2200000i 4500
=001  JoVEMedicine3337
=008  161201s2016\\\\xx\\\\\g\\\\\\s\\\\\eng\d
=035  \\$a(OCoLC)733445860
=040  \\$aVaAlASP$cVaAlASP
=100  1\$aNaber,Hildegonda P.H.
=245  12$aSpheroid Assay to Measure TGF-β-induced Invasion$h[electronic resource]
=260  \\$aCambridge, MA$bMyJoVE Corp$c2016
=300  \\$aonline resource (558 seconds)
=490  0\$aMedicine
=500  \\$aTitle from resource description page
=520  \\$aAn assay to quantitatively measure Transforming Growth Factor (TGF)-β-induced invasion in 3-dimensional collagen gels is described. This assay takes advantage of the MCF10A series of cell lines, which represent different stages of breast cancer development. This method can be adopted to be used with other cell lines and might be used to investigate other potential activators or inhibitors of invasion.
=521  \\$aFor undergraduate, graduate, and professional students
=546  \\$aEnglish
=650  \0$aMedicine
=856  40$uhttps://www.jove.com/video/3337
=945  \\$aThe Whole World

