=LDR  00887ngm a2200000i 4500
=001  JoVEMedicine3188
=008  161201s2016\\\\xx\\\\\g\\\\\\s\\\\\eng\d
=035  \\$a(OCoLC)733445860
=040  \\$aVaAlASP$cVaAlASP
=100  1\$aAyala,Julio E.
=245  12$aHyperinsulinemic-euglycemic Clamps in Conscious, Unrestrained Mice$h[electronic resource]
=260  \\$aCambridge, MA$bMyJoVE Corp$c2016
=300  \\$aonline resource (670 seconds)
=490  0\$aMedicine
=500  \\$aTitle from resource description page
=520  \\$aThe hyperinsulinemic-euglycemic clamp, or insulin clamp, is the gold standard for assessing insulin action in vivo.  A method for performing insulin clamps in mice is described.  This includes a method for arterial catheterization that permits experiments to be performed in conscious, unrestrained mice with minimal stress.
=521  \\$aFor undergraduate, graduate, and professional students
=546  \\$aEnglish
=650  \0$aMedicine
=856  40$uhttps://www.jove.com/video/3188
=945  \\$aThe Whole World

