=LDR  00864ngm a2200000i 4500
=001  JoVEBiology3138
=008  161201s2016\\\\xx\\\\\g\\\\\\s\\\\\eng\d
=035  \\$a(OCoLC)733445860
=040  \\$aVaAlASP$cVaAlASP
=100  1\$aGopalakrishnan,Sandhya
=245  12$aIn vivo Liver Endocytosis Followed by Purification of Liver Cells by Liver Perfusion$h[electronic resource]
=260  \\$aCambridge, MA$bMyJoVE Corp$c2016
=300  \\$aonline resource (755 seconds)
=490  0\$aBiology
=500  \\$aTitle from resource description page
=520  \\$aThe study of liver sinusoidal endothelial cells (SECs) must be performed with primary cells obtained from the animal as no cell lines exist.  This method relies on liver digestion and differential centrifugation for SEC purification for subsequent culturing and experimentation.
=521  \\$aFor undergraduate, graduate, and professional students
=546  \\$aEnglish
=650  \0$aBiology
=856  40$uhttps://www.jove.com/video/3138
=945  \\$aThe Whole World

