=LDR  00890ngm a2200000i 4500
=001  JoVEBiology3280
=008  161201s2016\\\\xx\\\\\g\\\\\\s\\\\\eng\d
=035  \\$a(OCoLC)733445860
=040  \\$aVaAlASP$cVaAlASP
=100  1\$aSu,Shih-Heng
=245  12$aIce-Cap: A Method for Growing Arabidopsis and Tomato Plants in 96-well Plates for High-Throughput Genotyping$h[electronic resource]
=260  \\$aCambridge, MA$bMyJoVE Corp$c2016
=300  \\$aonline resource (675 seconds)
=490  0\$aBiology
=500  \\$aTitle from resource description page
=520  \\$aThe Ice-Cap method allows one to grow plants in 96-well plates and non-destructively harvest root tissue from each seedling. DNA extracted from this root tissue can be used for genotyping reactions. We have found that Ice-Cap works well for Arabidopsis thaliana, tomato, and rice seedlings.
=521  \\$aFor undergraduate, graduate, and professional students
=546  \\$aEnglish
=650  \0$aBiology
=856  40$uhttps://www.jove.com/video/3280
=945  \\$aThe Whole World

