=LDR  00838ngm a2200000i 4500
=001  JoVEMedicine3177
=008  161201s2016\\\\xx\\\\\g\\\\\\s\\\\\eng\d
=035  \\$a(OCoLC)733445860
=040  \\$aVaAlASP$cVaAlASP
=100  1\$aPeterson,Suzanne E.
=245  12$aTeratoma Generation in the Testis Capsule$h[electronic resource]
=260  \\$aCambridge, MA$bMyJoVE Corp$c2016
=300  \\$aonline resource (324 seconds)
=490  0\$aMedicine
=500  \\$aTitle from resource description page
=520  \\$aHuman pluripotent stem cells (hPSCs) have the potential to treat a myriad of different diseases.  The utility of these cells lies in the fact that they can differentiate into any cell type in the body.  Here we describe the teratoma assay, which is used to demonstrate the pluripotence of hPSCs.
=521  \\$aFor undergraduate, graduate, and professional students
=546  \\$aEnglish
=650  \0$aMedicine
=856  40$uhttps://www.jove.com/video/3177
=945  \\$aThe Whole World

