=LDR  00923ngm a2200000i 4500
=001  JoVEMedicine3403
=008  161201s2016\\\\xx\\\\\g\\\\\\s\\\\\eng\d
=035  \\$a(OCoLC)733445860
=040  \\$aVaAlASP$cVaAlASP
=100  1\$aAbdelwahab,Mohammed G.
=245  12$aIntracranial Implantation with Subsequent 3D In Vivo Bioluminescent Imaging of Murine Gliomas$h[electronic resource]
=260  \\$aCambridge, MA$bMyJoVE Corp$c2016
=300  \\$aonline resource (586 seconds)
=490  0\$aMedicine
=500  \\$aTitle from resource description page
=520  \\$aIntracranial implantation of GL261 cells into C57BL/6 mice produces malignant gliomas that recapitulate many of the hallmarks of human glioblastoma multiforme. We used GL261 cells stably expressing luciferase to allow us to use in vivo imaging to follow tumor progression. The surgery and 3D in vivo imaging are demonstrated.
=521  \\$aFor undergraduate, graduate, and professional students
=546  \\$aEnglish
=650  \0$aMedicine
=856  40$uhttps://www.jove.com/video/3403
=945  \\$aThe Whole World

