=LDR  00727ngm a2200000i 4500
=001  JoVEMedicine3575
=008  161201s2016\\\\xx\\\\\g\\\\\\s\\\\\eng\d
=035  \\$a(OCoLC)733445860
=040  \\$aVaAlASP$cVaAlASP
=100  1\$aCselenyák,Attila
=245  12$aStem Cell Transplantation in an in vitro Simulated Ischemia/Reperfusion Model$h[electronic resource]
=260  \\$aCambridge, MA$bMyJoVE Corp$c2016
=300  \\$aonline resource (555 seconds)
=490  0\$aMedicine
=500  \\$aTitle from resource description page
=520  \\$aWe demonstrate how to set up an in vitro ischemia/reperfusion model and how to evaluate the effect of stem cell therapy on postischemic cardiac cells.
=521  \\$aFor undergraduate, graduate, and professional students
=546  \\$aEnglish
=650  \0$aMedicine
=856  40$uhttps://www.jove.com/video/3575
=945  \\$aThe Whole World

