=LDR  00946ngm a2200000i 4500
=001  JoVEMedicine3482
=008  161201s2016\\\\xx\\\\\g\\\\\\s\\\\\eng\d
=035  \\$a(OCoLC)733445860
=040  \\$aVaAlASP$cVaAlASP
=100  1\$aCastaneda,Rosalinda T.
=245  12$aLabeling Stem Cells with Ferumoxytol, an FDA-Approved Iron Oxide Nanoparticle$h[electronic resource]
=260  \\$aCambridge, MA$bMyJoVE Corp$c2016
=300  \\$aonline resource (305 seconds)
=490  0\$aMedicine
=500  \\$aTitle from resource description page
=520  \\$aWe describe a technique for labeling and tracking stem cells with FDA-approved, superparamagnetic iron oxide (SPIO), ferumoxytol (Feraheme). This cellular imaging technique that utilizes magnetic resonance (MR) imaging for visualization, is readily accessible for long-term monitoring and diagnosis of successful or unsuccessful stem cell engraftments in patients.
=521  \\$aFor undergraduate, graduate, and professional students
=546  \\$aEnglish
=650  \0$aMedicine
=856  40$uhttps://www.jove.com/video/3482
=945  \\$aThe Whole World

