=LDR  00936ngm a2200000i 4500
=001  JoVEBiology3274
=008  161201s2016\\\\xx\\\\\g\\\\\\s\\\\\eng\d
=035  \\$a(OCoLC)733445860
=040  \\$aVaAlASP$cVaAlASP
=100  1\$aParsons,Xuejun H.
=245  12$aEfficient Derivation of Human Cardiac Precursors and Cardiomyocytes from Pluripotent Human Embryonic Stem Cells with Small Molecule Induction$h[electronic resource]
=260  \\$aCambridge, MA$bMyJoVE Corp$c2016
=300  \\$aonline resource (646 seconds)
=490  0\$aBiology
=500  \\$aTitle from resource description page
=520  \\$aWe have established a protocol for induction of cardioblasts direct from pluripotent human embryonic stem cells maintained under defined conditions with small molecules, which enables derivation of a large supply of human cardiac progenitors and functional cardiomyocytes for cardiovascular repair.
=521  \\$aFor undergraduate, graduate, and professional students
=546  \\$aEnglish
=650  \0$aBiology
=856  40$uhttps://www.jove.com/video/3274
=945  \\$aThe Whole World

