=LDR  00941ngm a2200000i 4500
=001  JoVEBiology3259
=008  161201s2016\\\\xx\\\\\g\\\\\\s\\\\\eng\d
=035  \\$a(OCoLC)733445860
=040  \\$aVaAlASP$cVaAlASP
=100  1\$aRoy,Ambrish
=245  12$aA Protocol for Computer-Based Protein Structure and Function Prediction$h[electronic resource]
=260  \\$aCambridge, MA$bMyJoVE Corp$c2016
=300  \\$aonline resource (1000 seconds)
=490  0\$aBiology
=500  \\$aTitle from resource description page
=520  \\$aGuidelines for computer based structural and functional characterization of protein using the I-TASSER pipeline is described. Starting from query protein sequence, 3D models are generated using multiple threading alignments and iterative structural assembly simulations. Functional inferences are thereafter drawn based on matches to proteins with known structure and functions.
=521  \\$aFor undergraduate, graduate, and professional students
=546  \\$aEnglish
=650  \0$aBiology
=856  40$uhttps://www.jove.com/video/3259
=945  \\$aThe Whole World

