=LDR  00808ngm a2200000i 4500
=001  JoVEBiology3250
=008  161201s2016\\\\xx\\\\\g\\\\\\s\\\\\eng\d
=035  \\$a(OCoLC)733445860
=040  \\$aVaAlASP$cVaAlASP
=100  1\$aZhang,Xiaoxiao
=245  12$aPerforming Custom MicroRNA Microarray Experiments$h[electronic resource]
=260  \\$aCambridge, MA$bMyJoVE Corp$c2016
=300  \\$aonline resource (424 seconds)
=490  0\$aBiology
=500  \\$aTitle from resource description page
=520  \\$aA simple procedure of performing custom microRNA microarray experiments is described. The steps include isolating RNA, labeling RNA and reference DNA, hybridizing the samples to microarrays, scanning the microarrays, quantifying and analyzing hybridization signals.
=521  \\$aFor undergraduate, graduate, and professional students
=546  \\$aEnglish
=650  \0$aBiology
=856  40$uhttps://www.jove.com/video/3250
=945  \\$aThe Whole World

