=LDR  00898ngm a2200000i 4500
=001  JoVEBiology3340
=008  161201s2016\\\\xx\\\\\g\\\\\\s\\\\\eng\d
=035  \\$a(OCoLC)733445860
=040  \\$aVaAlASP$cVaAlASP
=100  1\$aSengupta,Srikumar
=245  12$aSingle Read and Paired End mRNA-Seq Illumina Libraries from 10 Nanograms Total RNA$h[electronic resource]
=260  \\$aCambridge, MA$bMyJoVE Corp$c2016
=300  \\$aonline resource (889 seconds)
=490  0\$aBiology
=500  \\$aTitle from resource description page
=520  \\$aHere we describe a method for preparation of both single read and paired end Illumina mRNA-Seq sequencing libraries for gene expression analysis based on T7 linear RNA amplification. This protocol requires only 10 nanograms of starting total RNA and generates highly consistent libraries representing whole transcripts.
=521  \\$aFor undergraduate, graduate, and professional students
=546  \\$aEnglish
=650  \0$aBiology
=856  40$uhttps://www.jove.com/video/3340
=945  \\$aThe Whole World

