=LDR  00863ngm a2200000i 4500
=001  JoVEBiology3255
=008  161201s2016\\\\xx\\\\\g\\\\\\s\\\\\eng\d
=035  \\$a(OCoLC)733445860
=040  \\$aVaAlASP$cVaAlASP
=100  1\$aSchwab,Rebekka A.V.
=245  12$aVisualization of DNA Replication in the Vertebrate Model System DT40 using the DNA Fiber Technique$h[electronic resource]
=260  \\$aCambridge, MA$bMyJoVE Corp$c2016
=300  \\$aonline resource (438 seconds)
=490  0\$aBiology
=500  \\$aTitle from resource description page
=520  \\$aDT40, a model vertebrate genetic system, provides a powerful tool to analyze protein function. Here we describe a simple method that allows qualitative analysis of parameters that influence DNA synthesis during the S-phase in DT40 cells at the single molecule level.
=521  \\$aFor undergraduate, graduate, and professional students
=546  \\$aEnglish
=650  \0$aBiology
=856  40$uhttps://www.jove.com/video/3255
=945  \\$aThe Whole World

