=LDR  00766ngm a2200000i 4500
=001  JoVEBiology3159
=008  161201s2016\\\\xx\\\\\g\\\\\\s\\\\\eng\d
=035  \\$a(OCoLC)733445860
=040  \\$aVaAlASP$cVaAlASP
=100  1\$aChow,Kelsey S.
=245  12$aIsolation & Characterization of Hoechstlow CD45negative Mouse Lung Mesenchymal Stem Cells$h[electronic resource]
=260  \\$aCambridge, MA$bMyJoVE Corp$c2016
=300  \\$aonline resource (1015 seconds)
=490  0\$aBiology
=500  \\$aTitle from resource description page
=520  \\$aIn this article we demonstrate the isolation of murine resident lung mesenchymal stem cells (lung MSC), their expansion, characterization and analysis of immunomodulatory properties.
=521  \\$aFor undergraduate, graduate, and professional students
=546  \\$aEnglish
=650  \0$aBiology
=856  40$uhttps://www.jove.com/video/3159
=945  \\$aThe Whole World

