=LDR  00692ngm a2200000i 4500
=001  JoVEBiology2969
=008  161201s2016\\\\xx\\\\\g\\\\\\s\\\\\eng\d
=035  \\$a(OCoLC)733445860
=040  \\$aVaAlASP$cVaAlASP
=100  1\$aMedine,Claire N.
=245  12$aRobust Generation of Hepatocyte-like Cells from Human Embryonic Stem Cell Populations$h[electronic resource]
=260  \\$aCambridge, MA$bMyJoVE Corp$c2016
=300  \\$aonline resource (348 seconds)
=490  0\$aBiology
=500  \\$aTitle from resource description page
=520  \\$aThis article will focus on the generation of human hepatic endoderm from human embryonic stem cell populations.
=521  \\$aFor undergraduate, graduate, and professional students
=546  \\$aEnglish
=650  \0$aBiology
=856  40$uhttps://www.jove.com/video/2969
=945  \\$aThe Whole World

