=LDR  00973ngm a2200000i 4500
=001  JoVEMedicine3201
=008  161201s2016\\\\xx\\\\\g\\\\\\s\\\\\eng\d
=035  \\$a(OCoLC)733445860
=040  \\$aVaAlASP$cVaAlASP
=100  1\$aPolanska,Urszula M.
=245  12$aExperimental Generation of Carcinoma-Associated Fibroblasts (CAFs) from Human Mammary Fibroblasts$h[electronic resource]
=260  \\$aCambridge, MA$bMyJoVE Corp$c2016
=300  \\$aonline resource (943 seconds)
=490  0\$aMedicine
=500  \\$aTitle from resource description page
=520  \\$aCarcinoma-associated fibroblasts (CAFs) rich in myofibroblasts present within the tumour stroma, play a major role in driving tumour progression. We developed a coimplantation tumour xengraft model for experimentally generating CAFs from human mammary fibroblasts. The protocol describes how to establish CAF myofibroblasts that acquire an ability to promote tumourigenesis.
=521  \\$aFor undergraduate, graduate, and professional students
=546  \\$aEnglish
=650  \0$aMedicine
=856  40$uhttps://www.jove.com/video/3201
=945  \\$aThe Whole World

