=LDR  00880ngm a2200000i 4500
=001  JoVEBiology3214
=008  161201s2016\\\\xx\\\\\g\\\\\\s\\\\\eng\d
=035  \\$a(OCoLC)733445860
=040  \\$aVaAlASP$cVaAlASP
=100  1\$aMeskauskas,Arturas
=245  12$aChromatographic Purification of Highly Active Yeast Ribosomes$h[electronic resource]
=260  \\$aCambridge, MA$bMyJoVE Corp$c2016
=300  \\$aonline resource (553 seconds)
=490  0\$aBiology
=500  \\$aTitle from resource description page
=520  \\$aContamination of preparations of eukaryotic ribosomes purified by traditional methods by co-purifying nucleases and proteases negatively impacts on downstream biochemical and structural analyses. A rapid and simple chromatographic purification method is used to solve this problem using yeast ribosomes as a model system.
=521  \\$aFor undergraduate, graduate, and professional students
=546  \\$aEnglish
=650  \0$aBiology
=856  40$uhttps://www.jove.com/video/3214
=945  \\$aThe Whole World

