=LDR  00924ngm a2200000i 4500
=001  JoVEBiology3170
=008  161201s2016\\\\xx\\\\\g\\\\\\s\\\\\eng\d
=035  \\$a(OCoLC)733445860
=040  \\$aVaAlASP$cVaAlASP
=100  1\$aPatterson,Kate
=245  12$aDNA Methylation: Bisulphite Modification and Analysis$h[electronic resource]
=260  \\$aCambridge, MA$bMyJoVE Corp$c2016
=300  \\$aonline resource (753 seconds)
=490  0\$aBiology
=500  \\$aTitle from resource description page
=520  \\$aThe gold standard for DNA methylation analysis is genomic sequencing of bisulphite converted DNA. This method takes advantage of the increased sensitivity of cytosine compared with 5-methylcytosine (5-MeC) to bisulphite deamination under acidic conditions. Unmethylated cytosines can be distinguished from methylated cytosines after PCR amplification of the target genomic DNA.
=521  \\$aFor undergraduate, graduate, and professional students
=546  \\$aEnglish
=650  \0$aBiology
=856  40$uhttps://www.jove.com/video/3170
=945  \\$aThe Whole World

