=LDR  00963ngm a2200000i 4500
=001  JoVEMedicine2967
=008  161201s2016\\\\xx\\\\\g\\\\\\s\\\\\eng\d
=035  \\$a(OCoLC)733445860
=040  \\$aVaAlASP$cVaAlASP
=100  1\$aKlug,Barbara
=245  12$aOral Biofilm Analysis of Palatal Expanders by Fluorescence In-Situ Hybridization and Confocal Laser Scanning Microscopy$h[electronic resource]
=260  \\$aCambridge, MA$bMyJoVE Corp$c2016
=300  \\$aonline resource (584 seconds)
=490  0\$aMedicine
=500  \\$aTitle from resource description page
=520  \\$aWe present a protocol for structural and compositional analysis of natural oral biofilm from orthodontic appliances with in situ hybridization (FISH) and confocal laser scanning microscopy (CLSM). Oral biofilm samples were collected from palatal expanders, scraping acrylic-resin flakes off their surface and referring them for molecular processing.
=521  \\$aFor undergraduate, graduate, and professional students
=546  \\$aEnglish
=650  \0$aMedicine
=856  40$uhttps://www.jove.com/video/2967
=945  \\$aThe Whole World

