=LDR  00807ngm a2200000i 4500
=001  JoVEMedicine3238
=008  161201s2016\\\\xx\\\\\g\\\\\\s\\\\\eng\d
=035  \\$a(OCoLC)733445860
=040  \\$aVaAlASP$cVaAlASP
=100  1\$aBirkett,Melissa A.
=245  12$aThe Trier Social Stress Test Protocol for Inducing Psychological Stress$h[electronic resource]
=260  \\$aCambridge, MA$bMyJoVE Corp$c2016
=300  \\$aonline resource (579 seconds)
=490  0\$aMedicine
=500  \\$aTitle from resource description page
=520  \\$aThis article describes a protocol for inducing psychological stress in participants, which enables researchers to measure psychological, physiological and neuroendocrine responses to stress within single participants or between groups.
=521  \\$aFor undergraduate, graduate, and professional students
=546  \\$aEnglish
=650  \0$aMedicine
=856  40$uhttps://www.jove.com/video/3238
=945  \\$aThe Whole World

