=LDR  00950ngm a2200000i 4500
=001  JoVEMedicine3108
=008  161201s2016\\\\xx\\\\\g\\\\\\s\\\\\eng\d
=035  \\$a(OCoLC)733445860
=040  \\$aVaAlASP$cVaAlASP
=100  1\$aChristie,Lori- Ann
=245  12$aQuantifying Cognitive Decrements Caused by Cranial Radiotherapy$h[electronic resource]
=260  \\$aCambridge, MA$bMyJoVE Corp$c2016
=300  \\$aonline resource (610 seconds)
=490  0\$aMedicine
=500  \\$aTitle from resource description page
=520  \\$aCognitive impairment resulting from the radiotherapeutic management of brain tumors represents a clinically intractable condition that adversely impacts quality of life.  The capability to critically evaluate potential interventions for ameliorating radiation-induced cognitive decrements ultimately depends on the capability to undertake rigorous quantitative assessments of cognition.
=521  \\$aFor undergraduate, graduate, and professional students
=546  \\$aEnglish
=650  \0$aMedicine
=856  40$uhttps://www.jove.com/video/3108
=945  \\$aThe Whole World

