=LDR  00956ngm a2200000i 4500
=001  JoVEMedicine3107
=008  161201s2016\\\\xx\\\\\g\\\\\\s\\\\\eng\d
=035  \\$a(OCoLC)733445860
=040  \\$aVaAlASP$cVaAlASP
=100  1\$aAcharya,Munjal M.
=245  12$aStem Cell Transplantation Strategies for the Restoration of Cognitive Dysfunction Caused by Cranial Radiotherapy$h[electronic resource]
=260  \\$aCambridge, MA$bMyJoVE Corp$c2016
=300  \\$aonline resource (684 seconds)
=490  0\$aMedicine
=500  \\$aTitle from resource description page
=520  \\$aBrain tumor patients routinely undergo cranial radiotherapy, and while beneficial, this treatment often results in debilitating cognitive dysfunction.  This serious unresolved problem has at present, no clinical recourse, and has driven our efforts to devise stem cell based therapies for the recovery of radiation-induced cognitive decrements.
=521  \\$aFor undergraduate, graduate, and professional students
=546  \\$aEnglish
=650  \0$aMedicine
=856  40$uhttps://www.jove.com/video/3107
=945  \\$aThe Whole World

