=LDR  00753ngm a2200000i 4500
=001  JoVEBiology3244
=008  161201s2016\\\\xx\\\\\g\\\\\\s\\\\\eng\d
=035  \\$a(OCoLC)733445860
=040  \\$aVaAlASP$cVaAlASP
=100  1\$aBachu,Ravichandra
=245  12$aMonitoring Equilibrium Changes in RNA Structure by 'Peroxidative' and 'Oxidative' Hydroxyl Radical Footprinting$h[electronic resource]
=260  \\$aCambridge, MA$bMyJoVE Corp$c2016
=300  \\$aonline resource (821 seconds)
=490  0\$aBiology
=500  \\$aTitle from resource description page
=520  \\$aThis protocol describes how to quantify the Mg(II)-dependent formation of RNA tertiary structure by two methods of hydroxyl radical footprinting.
=521  \\$aFor undergraduate, graduate, and professional students
=546  \\$aEnglish
=650  \0$aBiology
=856  40$uhttps://www.jove.com/video/3244
=945  \\$aThe Whole World

