=LDR  00961ngm a2200000i 4500
=001  JoVEBiology3129
=008  161201s2016\\\\xx\\\\\g\\\\\\s\\\\\eng\d
=035  \\$a(OCoLC)733445860
=040  \\$aVaAlASP$cVaAlASP
=100  1\$aFilas,Benjamen A.
=245  12$aTracking Morphogenetic Tissue Deformations in the Early Chick Embryo $h[electronic resource]
=260  \\$aCambridge, MA$bMyJoVE Corp$c2016
=300  \\$aonline resource (499 seconds)
=490  0\$aBiology
=500  \\$aTitle from resource description page
=520  \\$aThis article describes surface labeling and ex ovo tissue culture in the early chick embryo. Techniques amenable to time-lapse bright field, fluorescence, and optical coherence tomography imaging are presented. Tracking surface labels with high spatiotemporal resolution enables kinematic quantities such as morphogenetic strains (deformations) to be calculated in both two and three dimensions.
=521  \\$aFor undergraduate, graduate, and professional students
=546  \\$aEnglish
=650  \0$aBiology
=856  40$uhttps://www.jove.com/video/3129
=945  \\$aThe Whole World

