=LDR  00979ngm a2200000i 4500
=001  JoVEBiology3270
=008  161201s2016\\\\xx\\\\\g\\\\\\s\\\\\eng\d
=035  \\$a(OCoLC)733445860
=040  \\$aVaAlASP$cVaAlASP
=100  1\$aCinkornpumin,Jessica K.
=245  12$aRNAi Mediated Gene Knockdown and Transgenesis by Microinjection in the Necromenic Nematode Pristionchus pacificus$h[electronic resource]
=260  \\$aCambridge, MA$bMyJoVE Corp$c2016
=300  \\$aonline resource (417 seconds)
=490  0\$aBiology
=500  \\$aTitle from resource description page
=520  \\$aIn model organisms, transgenesis can manipulate gene functions while RNAi can knockdown specific mRNA transcripts 1-2. This protocol aims to illustrate the techniques needed to introduce stably transmitted DNA and transient double stranded RNA into the necromenic nematode Pristionchus pacificus for studies in evolutionary, developmental, and behavioral biology.
=521  \\$aFor undergraduate, graduate, and professional students
=546  \\$aEnglish
=650  \0$aBiology
=856  40$uhttps://www.jove.com/video/3270
=945  \\$aThe Whole World

