=LDR  01098ngm a2200000i 4500
=001  JoVEBiology3167
=008  161201s2016\\\\xx\\\\\g\\\\\\s\\\\\eng\d
=035  \\$a(OCoLC)733445860
=040  \\$aVaAlASP$cVaAlASP
=100  1\$aMacIntosh,Brian R.
=245  12$aProcedures for Rat in situ Skeletal Muscle Contractile Properties$h[electronic resource]
=260  \\$aCambridge, MA$bMyJoVE Corp$c2016
=300  \\$aonline resource (589 seconds)
=490  0\$aBiology
=500  \\$aTitle from resource description page
=520  \\$aThis video demonstrates the surgical preparation and procedures needed to study the contractile responses of the rat medial gastrocnemius muscle preparation in situ.  This preparation allows measurement of skeletal muscle contractile properties under physiological conditions.  The animal is anesthetized and the muscle is separated from surrounding tissue at its distal end.  The Achilles tendon is attached to a force transducer, allowing measurement of the muscle’s contractile response at 37 degrees C with an intact circulation.
=521  \\$aFor undergraduate, graduate, and professional students
=546  \\$aEnglish
=650  \0$aBiology
=856  40$uhttps://www.jove.com/video/3167
=945  \\$aThe Whole World

