=LDR  00776ngm a2200000i 4500
=001  JoVEMedicine3245
=008  161201s2016\\\\xx\\\\\g\\\\\\s\\\\\eng\d
=035  \\$a(OCoLC)733445860
=040  \\$aVaAlASP$cVaAlASP
=100  1\$aWendt,Michael K.
=245  12$aIn vivo Dual Substrate Bioluminescent Imaging$h[electronic resource]
=260  \\$aCambridge, MA$bMyJoVE Corp$c2016
=300  \\$aonline resource (454 seconds)
=490  0\$aMedicine
=500  \\$aTitle from resource description page
=520  \\$aHerein we describe the methods to construct, visualize, and quantify the bioluminescent reactions of both firefly and renilla luciferase enzymes expressed in metastatic breast cancer cells during their growth and metastasis in vivo.
=521  \\$aFor undergraduate, graduate, and professional students
=546  \\$aEnglish
=650  \0$aMedicine
=856  40$uhttps://www.jove.com/video/3245
=945  \\$aThe Whole World

