=LDR  00890ngm a2200000i 4500
=001  JoVEMedicine3166
=008  161201s2016\\\\xx\\\\\g\\\\\\s\\\\\eng\d
=035  \\$a(OCoLC)733445860
=040  \\$aVaAlASP$cVaAlASP
=100  1\$aCheung,Po-Yin
=245  12$aA Swine Model of Neonatal Asphyxia$h[electronic resource]
=260  \\$aCambridge, MA$bMyJoVE Corp$c2016
=300  \\$aonline resource (636 seconds)
=490  0\$aMedicine
=500  \\$aTitle from resource description page
=520  \\$aLarge animal models have good translational values in the examination of physiology and pharmacology of neonatal asphyxia. Using newborn piglets, we develop an experimental protocol to simulate neonatal asphyxia which has advantages of studying the systemic and regional hemodynamics, oxygen transport with biochemical and pathologic pathways and correlations.
=521  \\$aFor undergraduate, graduate, and professional students
=546  \\$aEnglish
=650  \0$aMedicine
=856  40$uhttps://www.jove.com/video/3166
=945  \\$aThe Whole World

