=LDR  00832ngm a2200000i 4500
=001  JoVEBiology3183
=008  161201s2016\\\\xx\\\\\g\\\\\\s\\\\\eng\d
=035  \\$a(OCoLC)733445860
=040  \\$aVaAlASP$cVaAlASP
=100  1\$aRountree,C. Bart
=245  12$aIsolation of CD133+ Liver Stem Cells for Clonal Expansion$h[electronic resource]
=260  \\$aCambridge, MA$bMyJoVE Corp$c2016
=300  \\$aonline resource (726 seconds)
=490  0\$aBiology
=500  \\$aTitle from resource description page
=520  \\$aHere we describe the isolation of CD133 expressing liver stem cells and cancer stem cells from whole murine liver, a process that requires tissue digestion, cell enrichment, and flow cytometry isolation. We include methods for advanced single cell isolation and clonal expansion.
=521  \\$aFor undergraduate, graduate, and professional students
=546  \\$aEnglish
=650  \0$aBiology
=856  40$uhttps://www.jove.com/video/3183
=945  \\$aThe Whole World

