=LDR  00738ngm a2200000i 4500
=001  JoVEBiology2797
=008  161201s2016\\\\xx\\\\\g\\\\\\s\\\\\eng\d
=035  \\$a(OCoLC)733445860
=040  \\$aVaAlASP$cVaAlASP
=100  1\$aWei,Qiaozhi
=245  12$aWhole Mount in Situ Hybridization of E8.5 to E11.5 Mouse Embryos$h[electronic resource]
=260  \\$aCambridge, MA$bMyJoVE Corp$c2016
=300  \\$aonline resource (834 seconds)
=490  0\$aBiology
=500  \\$aTitle from resource description page
=520  \\$aThis whole mount in situ hybridization protocol discusses critical steps that ensure reproducible high quality results for gene expression studies in E8.5-E11.5 day old mouse embryos.
=521  \\$aFor undergraduate, graduate, and professional students
=546  \\$aEnglish
=650  \0$aBiology
=856  40$uhttps://www.jove.com/video/2797
=945  \\$aThe Whole World

