=LDR  00812ngm a2200000i 4500
=001  JoVEBiology3172
=008  161201s2016\\\\xx\\\\\g\\\\\\s\\\\\eng\d
=035  \\$a(OCoLC)733445860
=040  \\$aVaAlASP$cVaAlASP
=100  1\$aKohli,Vikram
=245  12$aSingle Cell Fate Mapping in Zebrafish$h[electronic resource]
=260  \\$aCambridge, MA$bMyJoVE Corp$c2016
=300  \\$aonline resource (473 seconds)
=490  0\$aBiology
=500  \\$aTitle from resource description page
=520  \\$aA method is described to photoactivate single cells containing a caged fluorescent protein using two-photon absorption from a Ti:Sapphire femtosecond laser oscillator. To fate map the photoactivated cell, immunohistochemistry is used.  This technique can be applied to any cell type.
=521  \\$aFor undergraduate, graduate, and professional students
=546  \\$aEnglish
=650  \0$aBiology
=856  40$uhttps://www.jove.com/video/3172
=945  \\$aThe Whole World

