=LDR  00918ngm a2200000i 4500
=001  JoVEBiology3110
=008  161201s2016\\\\xx\\\\\g\\\\\\s\\\\\eng\d
=035  \\$a(OCoLC)733445860
=040  \\$aVaAlASP$cVaAlASP
=100  1\$aChatterjee,Papri
=245  12$aTransfecting and Nucleofecting Human Induced Pluripotent Stem Cells$h[electronic resource]
=260  \\$aCambridge, MA$bMyJoVE Corp$c2016
=300  \\$aonline resource (624 seconds)
=490  0\$aBiology
=500  \\$aTitle from resource description page
=520  \\$aDespite recent advancements in genetic modification, transfection of human embryonic stem cells (HESCs) remains a capricious process.  To our knowledge, systematic and efficient methods to transfect human induced pluripotent stem cells (iPSCs) have not been reported. Here, we describe robust protocols to efficiently transfect and nucleofect human iPSCs.
=521  \\$aFor undergraduate, graduate, and professional students
=546  \\$aEnglish
=650  \0$aBiology
=856  40$uhttps://www.jove.com/video/3110
=945  \\$aThe Whole World

