=LDR  00779ngm a2200000i 4500
=001  JoVEMedicine3175
=008  161201s2016\\\\xx\\\\\g\\\\\\s\\\\\eng\d
=035  \\$a(OCoLC)733445860
=040  \\$aVaAlASP$cVaAlASP
=100  1\$aSaha,Debabrata
=245  12$aIn vivo Bioluminescence Imaging of Tumor Hypoxia Dynamics of Breast Cancer Brain Metastasis in a Mouse Model$h[electronic resource]
=260  \\$aCambridge, MA$bMyJoVE Corp$c2016
=300  \\$aonline resource (662 seconds)
=490  0\$aMedicine
=500  \\$aTitle from resource description page
=520  \\$aBioluminescence imaging of hypoxia inducible factor-1α activity is applied to monitor intracranial tumor hypoxia development in a breast cancer brain metastasis mouse model.
=521  \\$aFor undergraduate, graduate, and professional students
=546  \\$aEnglish
=650  \0$aMedicine
=856  40$uhttps://www.jove.com/video/3175
=945  \\$aThe Whole World

