=LDR  00838ngm a2200000i 4500
=001  JoVEMedicine2968
=008  161201s2016\\\\xx\\\\\g\\\\\\s\\\\\eng\d
=035  \\$a(OCoLC)733445860
=040  \\$aVaAlASP$cVaAlASP
=100  1\$aGlascock,Jacqueline J.
=245  12$aDelivery of Therapeutic Agents Through Intracerebroventricular (ICV) and Intravenous (IV) Injection in Mice$h[electronic resource]
=260  \\$aCambridge, MA$bMyJoVE Corp$c2016
=300  \\$aonline resource (355 seconds)
=490  0\$aMedicine
=500  \\$aTitle from resource description page
=520  \\$aThis article demonstrates two very different methods of injection: 1) into the brain (intracerebroventricular) and 2) systemic (intravenous) to introduce the therapeutic agents into the central nervous system of neonatal mice.
=521  \\$aFor undergraduate, graduate, and professional students
=546  \\$aEnglish
=650  \0$aMedicine
=856  40$uhttps://www.jove.com/video/2968
=945  \\$aThe Whole World

