=LDR  00753ngm a2200000i 4500
=001  JoVEBiology3139
=008  161201s2016\\\\xx\\\\\g\\\\\\s\\\\\eng\d
=035  \\$a(OCoLC)733445860
=040  \\$aVaAlASP$cVaAlASP
=100  1\$aWang,Wei
=245  12$aDrosophila Pupal Abdomen Immunohistochemistry$h[electronic resource]
=260  \\$aCambridge, MA$bMyJoVE Corp$c2016
=300  \\$aonline resource (509 seconds)
=490  0\$aBiology
=500  \\$aTitle from resource description page
=520  \\$aAntibody staining of the Drosophila pupae can enhance genetic analyses of adult abdominal developmental genetics. We present our protocol for dissection, fixation and antibody staining of staged Drosophila pupal abdomen.
=521  \\$aFor undergraduate, graduate, and professional students
=546  \\$aEnglish
=650  \0$aBiology
=856  40$uhttps://www.jove.com/video/3139
=945  \\$aThe Whole World

