=LDR  00953ngm a2200000i 4500
=001  JoVEBiology3162
=008  161201s2016\\\\xx\\\\\g\\\\\\s\\\\\eng\d
=035  \\$a(OCoLC)733445860
=040  \\$aVaAlASP$cVaAlASP
=100  1\$aStillwell,R. Craig
=245  12$aExperimental Manipulation of Body Size to Estimate Morphological Scaling Relationships in Drosophila$h[electronic resource]
=260  \\$aCambridge, MA$bMyJoVE Corp$c2016
=300  \\$aonline resource (360 seconds)
=490  0\$aBiology
=500  \\$aTitle from resource description page
=520  \\$aMorphological scaling relationships capture and describe organismal shape. We present a method to measure morphological scaling relationships across the natural range of body sizes in fully metamorphic insects. Using a simple diet manipulation we increase the distribution of trait sizes, permitting the accurate description of how shape and size co-vary.
=521  \\$aFor undergraduate, graduate, and professional students
=546  \\$aEnglish
=650  \0$aBiology
=856  40$uhttps://www.jove.com/video/3162
=945  \\$aThe Whole World

