=LDR  00910ngm a2200000i 4500
=001  JoVEBiology3190
=008  161201s2016\\\\xx\\\\\g\\\\\\s\\\\\eng\d
=035  \\$a(OCoLC)733445860
=040  \\$aVaAlASP$cVaAlASP
=100  1\$aSweeny,Elizabeth A.
=245  12$aPurification of Hsp104, a Protein Disaggregase$h[electronic resource]
=260  \\$aCambridge, MA$bMyJoVE Corp$c2016
=300  \\$aonline resource (437 seconds)
=490  0\$aBiology
=500  \\$aTitle from resource description page
=520  \\$aHere, we describe a protocol for the purification of highly active Hsp104, a hexameric AAA+ protein from yeast, which couples ATP hydrolysis to protein disaggregation. This scheme exploits a His6-tagged construct for affinity purification from E. coli followed by anion-exchange chromatography, His6-tag removal with TEV protease, and size-exclusion chromatography.
=521  \\$aFor undergraduate, graduate, and professional students
=546  \\$aEnglish
=650  \0$aBiology
=856  40$uhttps://www.jove.com/video/3190
=945  \\$aThe Whole World

