=LDR  00755ngm a2200000i 4500
=001  JoVEBiology3165
=008  161201s2016\\\\xx\\\\\g\\\\\\s\\\\\eng\d
=035  \\$a(OCoLC)733445860
=040  \\$aVaAlASP$cVaAlASP
=100  1\$aSingleman,Corinna
=245  12$aHeart Dissection in Larval, Juvenile and Adult Zebrafish, Danio rerio$h[electronic resource]
=260  \\$aCambridge, MA$bMyJoVE Corp$c2016
=300  \\$aonline resource (403 seconds)
=490  0\$aBiology
=500  \\$aTitle from resource description page
=520  \\$aA clear, standardized method for dissection and isolation of the zebrafish heart at multiple developmental stages are described. Annotation and quantification techniques are also discussed.
=521  \\$aFor undergraduate, graduate, and professional students
=546  \\$aEnglish
=650  \0$aBiology
=856  40$uhttps://www.jove.com/video/3165
=945  \\$aThe Whole World

