=LDR  00790ngm a2200000i 4500
=001  JoVEBiology3030
=008  161201s2016\\\\xx\\\\\g\\\\\\s\\\\\eng\d
=035  \\$a(OCoLC)733445860
=040  \\$aVaAlASP$cVaAlASP
=100  1\$aWei,Min
=245  12$aStudying Age-dependent Genomic Instability using the S. cerevisiae Chronological Lifespan Model$h[electronic resource]
=260  \\$aCambridge, MA$bMyJoVE Corp$c2016
=300  \\$aonline resource (526 seconds)
=490  0\$aBiology
=500  \\$aTitle from resource description page
=520  \\$aHere we describe a set of DNA mutation assays that can be combined with the yeast chronological life span model to study the genes/pathways that regulate or contribute to genomic DNA instability during aging.
=521  \\$aFor undergraduate, graduate, and professional students
=546  \\$aEnglish
=650  \0$aBiology
=856  40$uhttps://www.jove.com/video/3030
=945  \\$aThe Whole World

