=LDR  00981ngm a2200000i 4500
=001  JoVEBiology3343
=008  161201s2016\\\\xx\\\\\g\\\\\\s\\\\\eng\d
=035  \\$a(OCoLC)733445860
=040  \\$aVaAlASP$cVaAlASP
=100  1\$aAldred,Shelley Force
=245  12$aIdentifying Targets of Human microRNAs with the LightSwitch Luciferase Assay System using 3'UTR-reporter Constructs and a microRNA Mimic in Adherent Cells$h[electronic resource]
=260  \\$aCambridge, MA$bMyJoVE Corp$c2016
=300  \\$aonline resource (439 seconds)
=490  0\$aBiology
=500  \\$aTitle from resource description page
=520  \\$aMicroRNAs (miRNAs) are important regulators of gene expression and have been shown to play a role in numerous biological processes. To better understand miRNA-UTR interactions, we have created a genome-wide collection of 3  UTR luciferase reporters paired with a novel luciferase gene and assay reagent, the LightSwitch system.
=521  \\$aFor undergraduate, graduate, and professional students
=546  \\$aEnglish
=650  \0$aBiology
=856  40$uhttps://www.jove.com/video/3343
=945  \\$aThe Whole World

