=LDR  00856ngm a2200000i 4500
=001  JoVEMedicine3157
=008  161201s2016\\\\xx\\\\\g\\\\\\s\\\\\eng\d
=035  \\$a(OCoLC)733445860
=040  \\$aVaAlASP$cVaAlASP
=100  1\$aDonoghue,Jacqueline F.
=245  12$aA Simple Guide Screw Method for Intracranial Xenograft Studies in Mice$h[electronic resource]
=260  \\$aCambridge, MA$bMyJoVE Corp$c2016
=300  \\$aonline resource (491 seconds)
=490  0\$aMedicine
=500  \\$aTitle from resource description page
=520  \\$aIn order to evaluate novel therapeutic paradigms for the treatment of glioma, physiological relevant models are essential.  We utilize an implantable guide screw procedure for establishment of intracranial xenograft models that is more rapid and safer than stereotactic approaches.
=521  \\$aFor undergraduate, graduate, and professional students
=546  \\$aEnglish
=650  \0$aMedicine
=856  40$uhttps://www.jove.com/video/3157
=945  \\$aThe Whole World

