=LDR  00964ngm a2200000i 4500
=001  JoVEBiology3150
=008  161201s2016\\\\xx\\\\\g\\\\\\s\\\\\eng\d
=035  \\$a(OCoLC)733445860
=040  \\$aVaAlASP$cVaAlASP
=100  1\$aLiddell,Lauren
=245  12$aQuantitation and Analysis of the Formation of HO-Endonuclease Stimulated Chromosomal Translocations by Single-Strand Annealing in Saccharomyces cerevisiae$h[electronic resource]
=260  \\$aCambridge, MA$bMyJoVE Corp$c2016
=300  \\$aonline resource (580 seconds)
=490  0\$aBiology
=500  \\$aTitle from resource description page
=520  \\$aThe HO-stimulated translocation assay monitors single-strand annealing following the creation of DNA double-strand breaks at multiple loci in diploid Saccharomyces cerevisiae. This mechanism may model genome rearrangements in somatic cells of higher eukaryotes following exposure to high doses of ionizing radiation.
=521  \\$aFor undergraduate, graduate, and professional students
=546  \\$aEnglish
=650  \0$aBiology
=856  40$uhttps://www.jove.com/video/3150
=945  \\$aThe Whole World

