=LDR  00849ngm a2200000i 4500
=001  JoVEBiology3096
=008  161201s2016\\\\xx\\\\\g\\\\\\s\\\\\eng\d
=035  \\$a(OCoLC)733445860
=040  \\$aVaAlASP$cVaAlASP
=100  1\$aJaskiewicz,Michal
=245  12$aDetection of Histone Modifications in Plant Leaves$h[electronic resource]
=260  \\$aCambridge, MA$bMyJoVE Corp$c2016
=300  \\$aonline resource (429 seconds)
=490  0\$aBiology
=500  \\$aTitle from resource description page
=520  \\$aA reliable and useful approach to detect histone modifications on specific plant genes is described. The approach combines chromatin immunoprecipitation (ChIP) and real-time quantitative PCR. It allows detection of histone modifications on specific genes with a role in diverse physiological processes.
=521  \\$aFor undergraduate, graduate, and professional students
=546  \\$aEnglish
=650  \0$aBiology
=856  40$uhttps://www.jove.com/video/3096
=945  \\$aThe Whole World

