=LDR  00948ngm a2200000i 4500
=001  JoVEMedicine3119
=008  161201s2016\\\\xx\\\\\g\\\\\\s\\\\\eng\d
=035  \\$a(OCoLC)733445860
=040  \\$aVaAlASP$cVaAlASP
=100  1\$aBridges,Lakeesha E.
=245  12$aMesenteric Artery Contraction and Relaxation Studies Using Automated Wire Myography$h[electronic resource]
=260  \\$aCambridge, MA$bMyJoVE Corp$c2016
=300  \\$aonline resource (471 seconds)
=490  0\$aMedicine
=500  \\$aTitle from resource description page
=520  \\$aAn automated myography method for force measurements in isolated mesenteric arteries is described. It employs a Mulvany-Halpern Auto Dual Wire Myograph 510A to determine responses to phenylephrine and extracellular calcium. The method allows consistent determination of isometric responses to agonists in small vessels of diameters of 60 - 300 μm, independently.
=521  \\$aFor undergraduate, graduate, and professional students
=546  \\$aEnglish
=650  \0$aMedicine
=856  40$uhttps://www.jove.com/video/3119
=945  \\$aThe Whole World

