=LDR  00983ngm a2200000i 4500
=001  JoVEMedicine3010
=008  161201s2016\\\\xx\\\\\g\\\\\\s\\\\\eng\d
=035  \\$a(OCoLC)733445860
=040  \\$aVaAlASP$cVaAlASP
=100  1\$aShi,Shuangping
=245  12$aA High-throughput Automated Platform for the Development of Manufacturing Cell Lines for Protein Therapeutics$h[electronic resource]
=260  \\$aCambridge, MA$bMyJoVE Corp$c2016
=300  \\$aonline resource (468 seconds)
=490  0\$aMedicine
=500  \\$aTitle from resource description page
=520  \\$aA high-throughput, automated platform of manufacturing cell line development for producing protein therapeutics is described. Implementation of BD FACS Aria Cell Sorter, CloneSelect Imager and TECAN Freedom EVO liquid handling system has demonstrated significantly increased processing capacity in cell line development with improved cell line quality and high reproducibility.
=521  \\$aFor undergraduate, graduate, and professional students
=546  \\$aEnglish
=650  \0$aMedicine
=856  40$uhttps://www.jove.com/video/3010
=945  \\$aThe Whole World

