=LDR  00985ngm a2200000i 4500
=001  JoVEBiology3060
=008  161201s2016\\\\xx\\\\\g\\\\\\s\\\\\eng\d
=035  \\$a(OCoLC)733445860
=040  \\$aVaAlASP$cVaAlASP
=100  1\$aMurphy,Patrick J. M.
=245  12$aAutomated Hydrophobic Interaction Chromatography Column Selection for Use in Protein Purification$h[electronic resource]
=260  \\$aCambridge, MA$bMyJoVE Corp$c2016
=300  \\$aonline resource (621 seconds)
=490  0\$aBiology
=500  \\$aTitle from resource description page
=520  \\$aAn automated method for identifying suitable hydrophobic interaction chromatography (HIC) media to be used in the process of protein purification is presented. The method utilizes a medium-pressure liquid chromatography system including automated buffer blending, dynamic sample loop injection, sequential column selection, multi-wavelength analysis, and split fraction eluate collection.
=521  \\$aFor undergraduate, graduate, and professional students
=546  \\$aEnglish
=650  \0$aBiology
=856  40$uhttps://www.jove.com/video/3060
=945  \\$aThe Whole World

