=LDR  00985ngm a2200000i 4500
=001  JoVEBiology3059
=008  161201s2016\\\\xx\\\\\g\\\\\\s\\\\\eng\d
=035  \\$a(OCoLC)733445860
=040  \\$aVaAlASP$cVaAlASP
=100  1\$aMurphy,Patrick J. M.
=245  12$aBiochemical Reconstitution of Steroid Receptor•Hsp90 Protein  Complexes and Reactivation of Ligand Binding$h[electronic resource]
=260  \\$aCambridge, MA$bMyJoVE Corp$c2016
=300  \\$aonline resource (667 seconds)
=490  0\$aBiology
=500  \\$aTitle from resource description page
=520  \\$aAn in vitro method for preparing functional glucocorticoid receptor (GR)•hsp90 protein complexes from purified proteins and cellular lysates is described. The method utilizes immunoadsorption of recombinant GR followed by salt-stripping and protein complex reconstitution. The importance of cofactors and buffer conditions are discussed, as are potential method applications.
=521  \\$aFor undergraduate, graduate, and professional students
=546  \\$aEnglish
=650  \0$aBiology
=856  40$uhttps://www.jove.com/video/3059
=945  \\$aThe Whole World

