=LDR  01007ngm a2200000i 4500
=001  JoVEBiology3128
=008  161201s2016\\\\xx\\\\\g\\\\\\s\\\\\eng\d
=035  \\$a(OCoLC)733445860
=040  \\$aVaAlASP$cVaAlASP
=100  1\$aXu,Xuehua
=245  12$aImaging G-protein Coupled Receptor (GPCR)-mediated Signaling Events that Control Chemotaxis of Dictyostelium Discoideum$h[electronic resource]
=260  \\$aCambridge, MA$bMyJoVE Corp$c2016
=300  \\$aonline resource (580 seconds)
=490  0\$aBiology
=500  \\$aTitle from resource description page
=520  \\$aHere, we describe detailed live cell imaging methods for investigating chemotaxis.  We present fluorescence microscopic methods to monitor spatiotemporal dynamics of signaling events in migrating cells.  Measurement of signaling events permits us to further understand how a GPCR-signaling network achieves gradient sensing of chemoattractants and controls directional migration of eukaryotic cells.
=521  \\$aFor undergraduate, graduate, and professional students
=546  \\$aEnglish
=650  \0$aBiology
=856  40$uhttps://www.jove.com/video/3128
=945  \\$aThe Whole World

