=LDR  00978ngm a2200000i 4500
=001  JoVEMedicine3069
=008  161201s2016\\\\xx\\\\\g\\\\\\s\\\\\eng\d
=035  \\$a(OCoLC)733445860
=040  \\$aVaAlASP$cVaAlASP
=100  1\$aLepore,Angelo C.
=245  12$aIntraspinal Cell Transplantation for Targeting Cervical Ventral Horn in Amyotrophic Lateral Sclerosis and Traumatic Spinal Cord Injury$h[electronic resource]
=260  \\$aCambridge, MA$bMyJoVE Corp$c2016
=300  \\$aonline resource (649 seconds)
=490  0\$aMedicine
=500  \\$aTitle from resource description page
=520  \\$aNeural precursor transplantation is a promising strategy for protecting and/or replacing lost/dysfunctional cervical phrenic motor neurons in spinal cord injury (SCI) and the motor neuron disorder, amyotrophic laterals sclerosis (ALS). We provide a protocol for cell delivery to cervical spinal cord ventral horn in rodent models of ALS and SCI.
=521  \\$aFor undergraduate, graduate, and professional students
=546  \\$aEnglish
=650  \0$aMedicine
=856  40$uhttps://www.jove.com/video/3069
=945  \\$aThe Whole World

