=LDR  00961ngm a2200000i 4500
=001  JoVEBiology3473
=008  161201s2016\\\\xx\\\\\g\\\\\\s\\\\\eng\d
=035  \\$a(OCoLC)733445860
=040  \\$aVaAlASP$cVaAlASP
=100  1\$aTian,Gang
=245  12$aDetection of Protein Interactions in Plant using a Gateway Compatible Bimolecular Fluorescence Complementation (BiFC) System$h[electronic resource]
=260  \\$aCambridge, MA$bMyJoVE Corp$c2016
=300  \\$aonline resource (501 seconds)
=490  0\$aBiology
=500  \\$aTitle from resource description page
=520  \\$aWe have developed a technique to test protein-protein interactions in plant. A yellow fluorescent protein (YFP) is split into two non-overlapping fragments. Each fragment is cloned in-frame to a gene of interest via Gateway system, enabling expression of fusion proteins. Reconstitution of YFP signal only occurs when the inquest proteins interact.
=521  \\$aFor undergraduate, graduate, and professional students
=546  \\$aEnglish
=650  \0$aBiology
=856  40$uhttps://www.jove.com/video/3473
=945  \\$aThe Whole World

