=LDR  01006ngm a2200000i 4500
=001  JoVEBiology3087
=008  161201s2016\\\\xx\\\\\g\\\\\\s\\\\\eng\d
=035  \\$a(OCoLC)733445860
=040  \\$aVaAlASP$cVaAlASP
=100  1\$aLombardi,Maria L.
=245  12$aBiophysical Assays to Probe the Mechanical Properties of the Interphase Cell Nucleus: Substrate Strain Application and Microneedle Manipulation$h[electronic resource]
=260  \\$aCambridge, MA$bMyJoVE Corp$c2016
=300  \\$aonline resource (987 seconds)
=490  0\$aBiology
=500  \\$aTitle from resource description page
=520  \\$aWe present two independent, microscope-based tools to measure the induced nuclear and cytoskeletal deformations in single, living adherent cells in response to global or localized strain application. These techniques are used to determine nuclear stiffness (i.e., deformability) and to probe intracellular force transmission between the nucleus and the cytoskeleton.
=521  \\$aFor undergraduate, graduate, and professional students
=546  \\$aEnglish
=650  \0$aBiology
=856  40$uhttps://www.jove.com/video/3087
=945  \\$aThe Whole World

