=LDR  00942ngm a2200000i 4500
=001  JoVEMedicine3309
=008  161201s2016\\\\xx\\\\\g\\\\\\s\\\\\eng\d
=035  \\$a(OCoLC)733445860
=040  \\$aVaAlASP$cVaAlASP
=100  1\$aPavlin,Mojca
=245  12$aChanging the Direction and Orientation of Electric Field During Electric Pulses Application Improves Plasmid Gene Transfer in vitro$h[electronic resource]
=260  \\$aCambridge, MA$bMyJoVE Corp$c2016
=300  \\$aonline resource (286 seconds)
=490  0\$aMedicine
=500  \\$aTitle from resource description page
=520  \\$aGene transfection by electroporation is improved approximately two times when orientation of electric field is changed during pulse application, while cell viability is not affected. The increase in gene transfection is caused by the increase of the membrane area which is made competent for DNA entry into the cell.
=521  \\$aFor undergraduate, graduate, and professional students
=546  \\$aEnglish
=650  \0$aMedicine
=856  40$uhttps://www.jove.com/video/3309
=945  \\$aThe Whole World

