=LDR  00892ngm a2200000i 4500
=001  JoVEMedicine3178
=008  161201s2016\\\\xx\\\\\g\\\\\\s\\\\\eng\d
=035  \\$a(OCoLC)733445860
=040  \\$aVaAlASP$cVaAlASP
=100  1\$aKana,Rajesh K.
=245  12$aProbing the Brain in Autism Using fMRI and Diffusion Tensor Imaging$h[electronic resource]
=260  \\$aCambridge, MA$bMyJoVE Corp$c2016
=300  \\$aonline resource (741 seconds)
=490  0\$aMedicine
=500  \\$aTitle from resource description page
=520  \\$aNeuroimaging techniques, such as functional MRI and Diffusion Tensor Imaging have become increasingly useful in characterizing the cognitive and neural deficits in autism. An examination of brain connectivity in autism at a network level along with adaptations for scanning children with developmental disabilities is presented.
=521  \\$aFor undergraduate, graduate, and professional students
=546  \\$aEnglish
=650  \0$aMedicine
=856  40$uhttps://www.jove.com/video/3178
=945  \\$aThe Whole World

