=LDR  00868ngm a2200000i 4500
=001  JoVEMedicine3236
=008  161201s2016\\\\xx\\\\\g\\\\\\s\\\\\eng\d
=035  \\$a(OCoLC)733445860
=040  \\$aVaAlASP$cVaAlASP
=100  1\$aBurion,Steve
=245  12$aX-ray Dose Reduction through Adaptive Exposure in Fluoroscopic Imaging$h[electronic resource]
=260  \\$aCambridge, MA$bMyJoVE Corp$c2016
=300  \\$aonline resource (510 seconds)
=490  0\$aMedicine
=500  \\$aTitle from resource description page
=520  \\$aWe are developing a dynamic adaptive exposure technique using our scanning beam digital X-ray system. Rather than exposing an object uniformly, the exposure is adapted depending on the opacity of the object. Here we show an experiment on an anthropomorphic phantom that resulted in a dose saving of 30%.
=521  \\$aFor undergraduate, graduate, and professional students
=546  \\$aEnglish
=650  \0$aMedicine
=856  40$uhttps://www.jove.com/video/3236
=945  \\$aThe Whole World

