=LDR  00668ngm a2200000i 4500
=001  JoVEBiology3040
=008  161201s2016\\\\xx\\\\\g\\\\\\s\\\\\eng\d
=035  \\$a(OCoLC)733445860
=040  \\$aVaAlASP$cVaAlASP
=100  1\$aFrancescone III,Ralph A.
=245  12$aA Matrigel-Based Tube Formation Assay to Assess the Vasculogenic Activity of Tumor Cells$h[electronic resource]
=260  \\$aCambridge, MA$bMyJoVE Corp$c2016
=300  \\$aonline resource (240 seconds)
=490  0\$aBiology
=500  \\$aTitle from resource description page
=520  \\$aA tube formation assay is used to evaluate vascular activity of tumor cells.
=521  \\$aFor undergraduate, graduate, and professional students
=546  \\$aEnglish
=650  \0$aBiology
=856  40$uhttps://www.jove.com/video/3040
=945  \\$aThe Whole World

