=LDR  00751ngm a2200000i 4500
=001  JoVEBiology2796
=008  161201s2016\\\\xx\\\\\g\\\\\\s\\\\\eng\d
=035  \\$a(OCoLC)733445860
=040  \\$aVaAlASP$cVaAlASP
=100  1\$aDuff, Jr.,Michael R.
=245  12$aIsothermal Titration Calorimetry for Measuring Macromolecule-Ligand Affinity$h[electronic resource]
=260  \\$aCambridge, MA$bMyJoVE Corp$c2016
=300  \\$aonline resource (525 seconds)
=490  0\$aBiology
=500  \\$aTitle from resource description page
=520  \\$aA general protocol for the use of isothermal titration calorimetry to monitor the binding thermodynamics for biological systems with moderate binding affinities is presented. 
=521  \\$aFor undergraduate, graduate, and professional students
=546  \\$aEnglish
=650  \0$aBiology
=856  40$uhttps://www.jove.com/video/2796
=945  \\$aThe Whole World

