=LDR  01011ngm a2200000i 4500
=001  JoVEMedicine3208
=008  161201s2016\\\\xx\\\\\g\\\\\\s\\\\\eng\d
=035  \\$a(OCoLC)733445860
=040  \\$aVaAlASP$cVaAlASP
=100  1\$aLopriore,Enrico
=245  12$aAccurate and Simple Evaluation of Vascular Anastomoses in Monochorionic Placenta using Colored Dye$h[electronic resource]
=260  \\$aCambridge, MA$bMyJoVE Corp$c2016
=300  \\$aonline resource (592 seconds)
=490  0\$aMedicine
=500  \\$aTitle from resource description page
=520  \\$aTwin-to-twin transfusion syndrome and twin anemia polycythemia sequence are two potentially  devastating problems in perinatal medicine.  Both disorders occur only in monochorionic twins and result from unbalanced blood flow through placental vascular anastomoses. We provide a simple protocol to accurately evaluate the presence of vascular anastomoses using colored dye injection of placental vessels after birth.
=521  \\$aFor undergraduate, graduate, and professional students
=546  \\$aEnglish
=650  \0$aMedicine
=856  40$uhttps://www.jove.com/video/3208
=945  \\$aThe Whole World

