=LDR  00940ngm a2200000i 4500
=001  JoVEMedicine2837
=008  161201s2016\\\\xx\\\\\g\\\\\\s\\\\\eng\d
=035  \\$a(OCoLC)733445860
=040  \\$aVaAlASP$cVaAlASP
=100  1\$aJelin,Eric B.
=245  12$aGuide Wire Assisted Catheterization and Colored Dye Injection for Vascular Mapping of Monochorionic Twin Placentas$h[electronic resource]
=260  \\$aCambridge, MA$bMyJoVE Corp$c2016
=300  \\$aonline resource (544 seconds)
=490  0\$aMedicine
=500  \\$aTitle from resource description page
=520  \\$aVascular mapping of monochorionic (MC) twin placentas after birth provides a means for detailed demonstration of vascular connections between the twins’ circulations. 
Imbalance of these connections is thought to play a pivotal role in the development of complications of MC twinning including twin-to-twin transfusion syndrome.
=521  \\$aFor undergraduate, graduate, and professional students
=546  \\$aEnglish
=650  \0$aMedicine
=856  40$uhttps://www.jove.com/video/2837
=945  \\$aThe Whole World

