=LDR  00966ngm a2200000i 4500
=001  JoVEBiology2897
=008  161201s2016\\\\xx\\\\\g\\\\\\s\\\\\eng\d
=035  \\$a(OCoLC)733445860
=040  \\$aVaAlASP$cVaAlASP
=100  1\$ada Silva,Luciana Madeira
=245  12$aMutagenesis and Analysis of Genetic Mutations in the GC-rich KISS1 Receptor Sequence Identified in Humans with Reproductive Disorders$h[electronic resource]
=260  \\$aCambridge, MA$bMyJoVE Corp$c2016
=300  \\$aonline resource (769 seconds)
=490  0\$aBiology
=500  \\$aTitle from resource description page
=520  \\$aMutations in the kisspeptin receptor (KISS1R) are associated with reproductive disorders in patients.  Here we describe how to introduce mutations of interest in the GC-rich sequence of KISS1R as well as the use of KISS1R constructs to characterize the degradation pathway of the receptor by immunoprecipitation and western blot.
=521  \\$aFor undergraduate, graduate, and professional students
=546  \\$aEnglish
=650  \0$aBiology
=856  40$uhttps://www.jove.com/video/2897
=945  \\$aThe Whole World

