=LDR  00894ngm a2200000i 4500
=001  JoVEBiology3027
=008  161201s2016\\\\xx\\\\\g\\\\\\s\\\\\eng\d
=035  \\$a(OCoLC)733445860
=040  \\$aVaAlASP$cVaAlASP
=100  1\$aLoss,Omar
=245  12$aPreparation of Quality Inositol Pyrophosphates$h[electronic resource]
=260  \\$aCambridge, MA$bMyJoVE Corp$c2016
=300  \\$aonline resource (634 seconds)
=490  0\$aBiology
=500  \\$aTitle from resource description page
=520  \\$aInositol pyrophosphates play an important role in human pathologies such cancer, diabetes and obesity; however, the exact mechanism of action is a matter of dispute. The lack of commercially available inositol pyrophosphates renders detailed studies problematic. Here we describe a simple protocol to produce and isolate milligrams of inositol pyrophosphates.
=521  \\$aFor undergraduate, graduate, and professional students
=546  \\$aEnglish
=650  \0$aBiology
=856  40$uhttps://www.jove.com/video/3027
=945  \\$aThe Whole World

