=LDR  00927ngm a2200000i 4500
=001  JoVEBiology3058
=008  161201s2016\\\\xx\\\\\g\\\\\\s\\\\\eng\d
=035  \\$a(OCoLC)733445860
=040  \\$aVaAlASP$cVaAlASP
=100  1\$aChan,John D.
=245  12$aPharmacological and Functional Genetic Assays to Manipulate Regeneration of the Planarian Dugesia japonica$h[electronic resource]
=260  \\$aCambridge, MA$bMyJoVE Corp$c2016
=300  \\$aonline resource (598 seconds)
=490  0\$aBiology
=500  \\$aTitle from resource description page
=520  \\$aAn attractive model for studying stem cell differentiation within a live animal is the planarian flatworm. Regeneration is studied by simple amputation experiments that are easily performed in a basic laboratory and are amenable to pharmacological and genetic (in vivo RNAi) manipulation as detailed by protocols in this article.
=521  \\$aFor undergraduate, graduate, and professional students
=546  \\$aEnglish
=650  \0$aBiology
=856  40$uhttps://www.jove.com/video/3058
=945  \\$aThe Whole World

