=LDR  00920ngm a2200000i 4500
=001  JoVEBiology2857
=008  161201s2016\\\\xx\\\\\g\\\\\\s\\\\\eng\d
=035  \\$a(OCoLC)733445860
=040  \\$aVaAlASP$cVaAlASP
=100  1\$aIrtegun,Sevgi
=245  12$aReAsH/FlAsH Labeling and Image Analysis of Tetracysteine Sensor Proteins in Cells$h[electronic resource]
=260  \\$aCambridge, MA$bMyJoVE Corp$c2016
=300  \\$aonline resource (739 seconds)
=490  0\$aBiology
=500  \\$aTitle from resource description page
=520  \\$aThe biarsenical dyes FlAsH and ReAsH bind specifically to tetracysteine motifs in proteins and can selectively label proteins in live cells.  Recently this labeling strategy has been used to develop sensors for different protein conformations or oligomeric states.  We describe the labeling approach and methods to quantitatively analyze binding.
=521  \\$aFor undergraduate, graduate, and professional students
=546  \\$aEnglish
=650  \0$aBiology
=856  40$uhttps://www.jove.com/video/2857
=945  \\$aThe Whole World

