=LDR  00874ngm a2200000i 4500
=001  JoVEMedicine2715
=008  161201s2016\\\\xx\\\\\g\\\\\\s\\\\\eng\d
=035  \\$a(OCoLC)733445860
=040  \\$aVaAlASP$cVaAlASP
=100  1\$aHussey,Erin
=245  12$aExamining the Characteristics of Episodic Memory using Event-related Potentials in Patients with Alzheimer's Disease$h[electronic resource]
=260  \\$aCambridge, MA$bMyJoVE Corp$c2016
=300  \\$aonline resource (661 seconds)
=490  0\$aMedicine
=500  \\$aTitle from resource description page
=520  \\$aThe methodology for collecting high-density event-related potential data while patients with Alzheimer's disease perform a recognition memory task is reviewed.  This protocol will include subject preparation, quality assurance, data acquisition, and data analysis.
=521  \\$aFor undergraduate, graduate, and professional students
=546  \\$aEnglish
=650  \0$aMedicine
=856  40$uhttps://www.jove.com/video/2715
=945  \\$aThe Whole World

