=LDR  00851ngm a2200000i 4500
=001  JoVEMedicine3116
=008  161201s2016\\\\xx\\\\\g\\\\\\s\\\\\eng\d
=035  \\$a(OCoLC)733445860
=040  \\$aVaAlASP$cVaAlASP
=100  1\$aHutchens,Michael P.
=245  12$aNormothermic Cardiac Arrest and Cardiopulmonary Resuscitation: A Mouse Model of Ischemia-Reperfusion Injury$h[electronic resource]
=260  \\$aCambridge, MA$bMyJoVE Corp$c2016
=300  \\$aonline resource (625 seconds)
=490  0\$aMedicine
=500  \\$aTitle from resource description page
=520  \\$aA powerful model for perioperative and critical care related acute kidney injury is presented.  Using whole body hypoperfusion induced by cardiac arrest it is possible to nearly replicate the histologic and functional changes of clinical AKI.
=521  \\$aFor undergraduate, graduate, and professional students
=546  \\$aEnglish
=650  \0$aMedicine
=856  40$uhttps://www.jove.com/video/3116
=945  \\$aThe Whole World

