=LDR  01331ngm a2200000i 4500
=001  JoVEBiology2845
=008  161201s2016\\\\xx\\\\\g\\\\\\s\\\\\eng\d
=035  \\$a(OCoLC)733445860
=040  \\$aVaAlASP$cVaAlASP
=100  1\$aJohnson,Corbin S.
=245  12$aLaser Ablation of the Zebrafish Pronephros to Study Renal Epithelial Regeneration$h[electronic resource]
=260  \\$aCambridge, MA$bMyJoVE Corp$c2016
=300  \\$aonline resource (447 seconds)
=490  0\$aBiology
=500  \\$aTitle from resource description page
=520  \\$aAcute kidney injury (AKI) in humans is a common clinical problem caused by damage to the epithelial cells that comprise kidney nephrons, and AKI is associated with high mortality rates of 50-70%1.  Following epithelial cell destruction, nephrons have a limited ability to regenerate, though the mechanisms and limitations that guide this phenomenon remain poorly understood.  In this video article, we describe our technique for targeted laser ablation of kidney nephron cells in the zebrafish embryo kidney, or pronephros.  Our new method can be used to complement nephrotoxicity-induced models of AKI and gain a high-resolution understanding of the cell and molecular alterations that are associated with epithelial regeneration in the kidney nephron.
=521  \\$aFor undergraduate, graduate, and professional students
=546  \\$aEnglish
=650  \0$aBiology
=856  40$uhttps://www.jove.com/video/2845
=945  \\$aThe Whole World

