=LDR  01027ngm a2200000i 4500
=001  JoVEBiology2839
=008  161201s2016\\\\xx\\\\\g\\\\\\s\\\\\eng\d
=035  \\$a(OCoLC)733445860
=040  \\$aVaAlASP$cVaAlASP
=100  1\$aGerlach,Gary F.
=245  12$aDissection of the Adult Zebrafish Kidney$h[electronic resource]
=260  \\$aCambridge, MA$bMyJoVE Corp$c2016
=300  \\$aonline resource (460 seconds)
=490  0\$aBiology
=500  \\$aTitle from resource description page
=520  \\$aThe zebrafish kidney is home to both renal and hematopoietic adult stem/progenitor cells, and represents an outstanding opportunity to study these cell types and their progeny in a vertebrate model organism.  Here, we demonstrate a detailed dissection procedure that enables the researcher to identify and surgically remove the adult zebrafish kidney, which can be used for applications such as cell isolation, transplantation, and expression studies of kidney and/or blood cell populations. 
=521  \\$aFor undergraduate, graduate, and professional students
=546  \\$aEnglish
=650  \0$aBiology
=856  40$uhttps://www.jove.com/video/2839
=945  \\$aThe Whole World

