=LDR  00940ngm a2200000i 4500
=001  JoVEBiology2911
=008  161201s2016\\\\xx\\\\\g\\\\\\s\\\\\eng\d
=035  \\$a(OCoLC)733445860
=040  \\$aVaAlASP$cVaAlASP
=100  1\$aLiu,Fei
=245  12$aMicro-Mechanical Characterization of Lung Tissue Using Atomic Force Microscopy$h[electronic resource]
=260  \\$aCambridge, MA$bMyJoVE Corp$c2016
=300  \\$aonline resource (670 seconds)
=490  0\$aBiology
=500  \\$aTitle from resource description page
=520  \\$aThe stiffness of the extracellular matrix strongly influences multiple behaviors of adherent cells.  Matrix stiffness varies spatially throughout a tissue, and undergoes modification in various disease conditions.  Here we develop methods to characterize spatial variations in stiffness in normal and fibrotic mouse lung tissue using atomic force microscopy microindentation.
=521  \\$aFor undergraduate, graduate, and professional students
=546  \\$aEnglish
=650  \0$aBiology
=856  40$uhttps://www.jove.com/video/2911
=945  \\$aThe Whole World

