=LDR  00978ngm a2200000i 4500
=001  JoVEBiology2959
=008  161201s2016\\\\xx\\\\\g\\\\\\s\\\\\eng\d
=035  \\$a(OCoLC)733445860
=040  \\$aVaAlASP$cVaAlASP
=100  1\$aJenny,Andreas
=245  12$aPreparation of Adult Drosophila Eyes for Thin Sectioning and Microscopic Analysis$h[electronic resource]
=260  \\$aCambridge, MA$bMyJoVE Corp$c2016
=300  \\$aonline resource (469 seconds)
=490  0\$aBiology
=500  \\$aTitle from resource description page
=520  \\$aA standard approach to prepare adult Drosophila eyes for semi-thin sectioning and light microscopic analysis is presented here. The protocol can be used for gross morphological analysis of eye defects, or with the indicated adjustments can be used to determine genetic requirements of genes in specific cell types of the eye (e.g. clonal analysis of photoreceptors) or  for electron microscopic analysis.
=521  \\$aFor undergraduate, graduate, and professional students
=546  \\$aEnglish
=650  \0$aBiology
=856  40$uhttps://www.jove.com/video/2959
=945  \\$aThe Whole World

