=LDR  00843ngm a2200000i 4500
=001  JoVEBiology2898
=008  161201s2016\\\\xx\\\\\g\\\\\\s\\\\\eng\d
=035  \\$a(OCoLC)733445860
=040  \\$aVaAlASP$cVaAlASP
=100  1\$aBrody,Yehuda
=245  12$aMeasuring the Kinetics of mRNA Transcription in Single Living Cells$h[electronic resource]
=260  \\$aCambridge, MA$bMyJoVE Corp$c2016
=300  \\$aonline resource (682 seconds)
=490  0\$aBiology
=500  \\$aTitle from resource description page
=520  \\$aRNA polymerase II transcriptional kinetics are measured on specific genes in living cells. mRNAs transcribed from the gene of interest are fluorescently tagged and using Fluorescence Recovery After Photobleaching (FRAP) the in vivo kinetics of transcriptional elongation are obtained.
=521  \\$aFor undergraduate, graduate, and professional students
=546  \\$aEnglish
=650  \0$aBiology
=856  40$uhttps://www.jove.com/video/2898
=945  \\$aThe Whole World

