=LDR  00692ngm a2200000i 4500
=001  JoVEBiology2852
=008  161201s2016\\\\xx\\\\\g\\\\\\s\\\\\eng\d
=035  \\$a(OCoLC)733445860
=040  \\$aVaAlASP$cVaAlASP
=100  1\$aBoyd,Lynn
=245  12$aTime-lapse Microscopy of Early Embryogenesis in Caenorhabditis elegans$h[electronic resource]
=260  \\$aCambridge, MA$bMyJoVE Corp$c2016
=300  \\$aonline resource (478 seconds)
=490  0\$aBiology
=500  \\$aTitle from resource description page
=520  \\$aThis article describes a technique for the visualization of the early events of embryogenesis in the nematode Caenorhabditis elegans.
=521  \\$aFor undergraduate, graduate, and professional students
=546  \\$aEnglish
=650  \0$aBiology
=856  40$uhttps://www.jove.com/video/2852
=945  \\$aThe Whole World

