=LDR  00738ngm a2200000i 4500
=001  JoVEMedicine2948
=008  161201s2016\\\\xx\\\\\g\\\\\\s\\\\\eng\d
=035  \\$a(OCoLC)733445860
=040  \\$aVaAlASP$cVaAlASP
=100  1\$aPlank,Megan S.
=245  12$aBiochemical Measurement of Neonatal Hypoxia$h[electronic resource]
=260  \\$aCambridge, MA$bMyJoVE Corp$c2016
=300  \\$aonline resource (793 seconds)
=490  0\$aMedicine
=500  \\$aTitle from resource description page
=520  \\$aA method is described to measure biochemical markers of neonatal hypoxia-ischemia.  The approach utilizes high pressure liquid chromatography (HPLC) and Gas Chromatography Mass Spectrometry (GC/MS).
=521  \\$aFor undergraduate, graduate, and professional students
=546  \\$aEnglish
=650  \0$aMedicine
=856  40$uhttps://www.jove.com/video/2948
=945  \\$aThe Whole World

