=LDR  00927ngm a2200000i 4500
=001  JoVEBiology2938
=008  161201s2016\\\\xx\\\\\g\\\\\\s\\\\\eng\d
=035  \\$a(OCoLC)733445860
=040  \\$aVaAlASP$cVaAlASP
=100  1\$aGao,Xiquan
=245  12$aAgrobacterium-Mediated Virus-Induced Gene Silencing Assay In Cotton$h[electronic resource]
=260  \\$aCambridge, MA$bMyJoVE Corp$c2016
=300  \\$aonline resource (618 seconds)
=490  0\$aBiology
=500  \\$aTitle from resource description page
=520  \\$aWe present the detailed protocol for Agrobacterium-mediated virus-induced gene silencing (VIGS) assay in cotton.  The tobacco rattle virus (TRV)-derived VIGS vectors were deployed to induce RNA silencing of cotton GrCLA1, Cloroplastos alterados 1 gene.  The albino phenotype caused by silencing GrCLA1 was observed at the seedling stage within 2 weeks after inoculation.
=521  \\$aFor undergraduate, graduate, and professional students
=546  \\$aEnglish
=650  \0$aBiology
=856  40$uhttps://www.jove.com/video/2938
=945  \\$aThe Whole World

