=LDR  00928ngm a2200000i 4500
=001  JoVEBiology2912
=008  161201s2016\\\\xx\\\\\g\\\\\\s\\\\\eng\d
=035  \\$a(OCoLC)733445860
=040  \\$aVaAlASP$cVaAlASP
=100  1\$aAbler,Lisa L.
=245  12$aA High Throughput in situ Hybridization Method to Characterize mRNA Expression Patterns in the Fetal Mouse Lower Urogenital Tract$h[electronic resource]
=260  \\$aCambridge, MA$bMyJoVE Corp$c2016
=300  \\$aonline resource (624 seconds)
=490  0\$aBiology
=500  \\$aTitle from resource description page
=520  \\$aHere, we describe an efficient high throughput in situ hybridization (ISH) method for visualizing patterns of mRNA expression in developing fetal mouse prostate tissue sections.  The method can be easily adapted to visualize mRNA expression patterns in other mouse tissues or in tissues from other species.
=521  \\$aFor undergraduate, graduate, and professional students
=546  \\$aEnglish
=650  \0$aBiology
=856  40$uhttps://www.jove.com/video/2912
=945  \\$aThe Whole World

