=LDR  00923ngm a2200000i 4500
=001  JoVEMedicine3092
=008  161201s2016\\\\xx\\\\\g\\\\\\s\\\\\eng\d
=035  \\$a(OCoLC)733445860
=040  \\$aVaAlASP$cVaAlASP
=100  1\$aRichner,Mette
=245  12$aThe Spared Nerve Injury (SNI) Model of Induced Mechanical Allodynia in Mice$h[electronic resource]
=260  \\$aCambridge, MA$bMyJoVE Corp$c2016
=300  \\$aonline resource (465 seconds)
=490  0\$aMedicine
=500  \\$aTitle from resource description page
=520  \\$aThe Spared Nerve Injury animal model is described here as a mouse model of peripheral neuropathic pain following partial denervation of the sciatic nerve by lesioning the tibial and common peroneal nerve branches, leaving the remaining sural nerve intact. Behavioral modification resulting from mechanical allodynia is quantified by von Frey filaments.
=521  \\$aFor undergraduate, graduate, and professional students
=546  \\$aEnglish
=650  \0$aMedicine
=856  40$uhttps://www.jove.com/video/3092
=945  \\$aThe Whole World

