=LDR  00968ngm a2200000i 4500
=001  JoVEMedicine3077
=008  161201s2016\\\\xx\\\\\g\\\\\\s\\\\\eng\d
=035  \\$a(OCoLC)733445860
=040  \\$aVaAlASP$cVaAlASP
=100  1\$aTang,Zhongshu
=245  12$aA Mouse Model of the Cornea Pocket Assay for Angiogenesis Study$h[electronic resource]
=260  \\$aCambridge, MA$bMyJoVE Corp$c2016
=300  \\$aonline resource (373 seconds)
=490  0\$aMedicine
=500  \\$aTitle from resource description page
=520  \\$aThe cornea is unique in that it lacks vascular tissues. However, robust blood vessel growth and survival can be induced in the cornea by potent angiogenic factors. Therefore, the cornea can provide with us a valuable tool for angiogenic studies. This protocol demonstrates how to perform the mouse model of cornea pocket assay and how to assess the angiogenesis induced by angiogenic factors using this model.
=521  \\$aFor undergraduate, graduate, and professional students
=546  \\$aEnglish
=650  \0$aMedicine
=856  40$uhttps://www.jove.com/video/3077
=945  \\$aThe Whole World

