=LDR  00933ngm a2200000i 4500
=001  JoVEBiology2961
=008  161201s2016\\\\xx\\\\\g\\\\\\s\\\\\eng\d
=035  \\$a(OCoLC)733445860
=040  \\$aVaAlASP$cVaAlASP
=100  1\$aUeki,Shoko
=245  12$aProtein Membrane Overlay Assay: A Protocol to Test Interaction Between Soluble and Insoluble Proteins in vitro$h[electronic resource]
=260  \\$aCambridge, MA$bMyJoVE Corp$c2016
=300  \\$aonline resource (518 seconds)
=490  0\$aBiology
=500  \\$aTitle from resource description page
=520  \\$aTesting protein-protein interaction is indispensable for dissection of protein functionality. Here, we introduce an in vitro protein-protein binding assay to probe a membrane-immobilized protein with a soluble protein.  This assay provides a reliable method to test interaction between an insoluble protein and a protein in solution.
=521  \\$aFor undergraduate, graduate, and professional students
=546  \\$aEnglish
=650  \0$aBiology
=856  40$uhttps://www.jove.com/video/2961
=945  \\$aThe Whole World

