=LDR  00882ngm a2200000i 4500
=001  JoVEBiology2942
=008  161201s2016\\\\xx\\\\\g\\\\\\s\\\\\eng\d
=035  \\$a(OCoLC)733445860
=040  \\$aVaAlASP$cVaAlASP
=100  1\$aFarrow,Mary F.
=245  12$aHigh Throughput Screening of Fungal Endoglucanase Activity in Escherichia coli$h[electronic resource]
=260  \\$aCambridge, MA$bMyJoVE Corp$c2016
=300  \\$aonline resource (376 seconds)
=490  0\$aBiology
=500  \\$aTitle from resource description page
=520  \\$aWe describe a low cost, high throughput method to screen for fungal endoglucanase activity in E. coli. The method relies on a simple visual readout of substrate degradation, does not require enzyme purification, and is highly scalable. This allows for the rapid screening of large libraries of enzyme variants.
=521  \\$aFor undergraduate, graduate, and professional students
=546  \\$aEnglish
=650  \0$aBiology
=856  40$uhttps://www.jove.com/video/2942
=945  \\$aThe Whole World

