=LDR  00666ngm a2200000i 4500
=001  JoVEBiology2899
=008  161201s2016\\\\xx\\\\\g\\\\\\s\\\\\eng\d
=035  \\$a(OCoLC)733445860
=040  \\$aVaAlASP$cVaAlASP
=100  1\$aWu,Danli
=245  12$aInduction and Testing of Hypoxia in Cell Culture$h[electronic resource]
=260  \\$aCambridge, MA$bMyJoVE Corp$c2016
=300  \\$aonline resource (421 seconds)
=490  0\$aBiology
=500  \\$aTitle from resource description page
=520  \\$aHere we propose simple methods to induce hypoxia in cell cultures and simple tests to evaluate the hypoxic status of the cultures.
=521  \\$aFor undergraduate, graduate, and professional students
=546  \\$aEnglish
=650  \0$aBiology
=856  40$uhttps://www.jove.com/video/2899
=945  \\$aThe Whole World

