=LDR  00813ngm a2200000i 4500
=001  JoVEMedicine2716
=008  161201s2016\\\\xx\\\\\g\\\\\\s\\\\\eng\d
=035  \\$a(OCoLC)733445860
=040  \\$aVaAlASP$cVaAlASP
=100  1\$aCheng,Nikki
=245  12$aMammary Transplantation of Stromal Cells and Carcinoma Cells in C57BL/6J Mice$h[electronic resource]
=260  \\$aCambridge, MA$bMyJoVE Corp$c2016
=300  \\$aonline resource (781 seconds)
=490  0\$aMedicine
=500  \\$aTitle from resource description page
=520  \\$aIn this report, we demonstrate a system to isolate and culture donor cells from the mouse mammary gland, and orthotopically transplant these cells in recipient mice to analyze stromal: epithelial interactions during mammary tumor development.
=521  \\$aFor undergraduate, graduate, and professional students
=546  \\$aEnglish
=650  \0$aMedicine
=856  40$uhttps://www.jove.com/video/2716
=945  \\$aThe Whole World

