=LDR  00732ngm a2200000i 4500
=001  JoVEBiology2864
=008  161201s2016\\\\xx\\\\\g\\\\\\s\\\\\eng\d
=035  \\$a(OCoLC)733445860
=040  \\$aVaAlASP$cVaAlASP
=100  1\$aSmith,Andrew M.
=245  12$aCompetitive Genomic Screens of Barcoded Yeast Libraries$h[electronic resource]
=260  \\$aCambridge, MA$bMyJoVE Corp$c2016
=300  \\$aonline resource (719 seconds)
=490  0\$aBiology
=500  \\$aTitle from resource description page
=520  \\$aWe have developed comprehensive, unbiased genome-wide screens to understand gene-drug and gene-environment interactions. Methods for screening these mutant collections are presented.
=521  \\$aFor undergraduate, graduate, and professional students
=546  \\$aEnglish
=650  \0$aBiology
=856  40$uhttps://www.jove.com/video/2864
=945  \\$aThe Whole World

