=LDR  00823ngm a2200000i 4500
=001  JoVEMedicine2914
=008  161201s2016\\\\xx\\\\\g\\\\\\s\\\\\eng\d
=035  \\$a(OCoLC)733445860
=040  \\$aVaAlASP$cVaAlASP
=100  1\$aBarkan,Dalit
=245  12$aAn In Vitro System to Study Tumor Dormancy and the Switch to Metastatic Growth$h[electronic resource]
=260  \\$aCambridge, MA$bMyJoVE Corp$c2016
=300  \\$aonline resource (554 seconds)
=490  0\$aMedicine
=500  \\$aTitle from resource description page
=520  \\$aA modified 3-D in vitro system is presented in which growth characteristics of several tumor cell lines in reconstituted basement membrane correlate with the dormant or proliferative behavior of the tumor cells at a metastatic secondary site in vivo.
=521  \\$aFor undergraduate, graduate, and professional students
=546  \\$aEnglish
=650  \0$aMedicine
=856  40$uhttps://www.jove.com/video/2914
=945  \\$aThe Whole World

