=LDR  00819ngm a2200000i 4500
=001  JoVEBiology2966
=008  161201s2016\\\\xx\\\\\g\\\\\\s\\\\\eng\d
=035  \\$a(OCoLC)733445860
=040  \\$aVaAlASP$cVaAlASP
=100  1\$aParkinson,Christina M.
=245  12$aDiagnostic Necropsy and Selected Tissue and Sample Collection in Rats and Mice$h[electronic resource]
=260  \\$aCambridge, MA$bMyJoVE Corp$c2016
=300  \\$aonline resource (553 seconds)
=490  0\$aBiology
=500  \\$aTitle from resource description page
=520  \\$aThis article describes the procedures for conducting a basic postmortem examination of a mouse or rat, and the collection of basic organs, as well as more challenging sample types from for histological, microbiological, and PCR evaluation.
=521  \\$aFor undergraduate, graduate, and professional students
=546  \\$aEnglish
=650  \0$aBiology
=856  40$uhttps://www.jove.com/video/2966
=945  \\$aThe Whole World

