=LDR  00788ngm a2200000i 4500
=001  JoVEBiology2781
=008  161201s2016\\\\xx\\\\\g\\\\\\s\\\\\eng\d
=035  \\$a(OCoLC)733445860
=040  \\$aVaAlASP$cVaAlASP
=100  1\$aO'Sullivan,Matthew V. N.
=245  12$aMultiplex PCR and Reverse Line Blot Hybridization Assay (mPCR/RLB)$h[electronic resource]
=260  \\$aCambridge, MA$bMyJoVE Corp$c2016
=300  \\$aonline resource (615 seconds)
=490  0\$aBiology
=500  \\$aTitle from resource description page
=520  \\$aAn inexpensive, high throughput method for simultaneous detection of up to 43 molecular targets is described. Applications of mPCR/RLB include microbial typing and detection of multiple pathogens from clinical samples.
=521  \\$aFor undergraduate, graduate, and professional students
=546  \\$aEnglish
=650  \0$aBiology
=856  40$uhttps://www.jove.com/video/2781
=945  \\$aThe Whole World

