=LDR  00917ngm a2200000i 4500
=001  JoVEBiology3289
=008  161201s2016\\\\xx\\\\\g\\\\\\s\\\\\eng\d
=035  \\$a(OCoLC)733445860
=040  \\$aVaAlASP$cVaAlASP
=100  1\$aBlake,Deborah A.
=245  12$aFSL Constructs: A Simple Method for Modifying Cell/Virion Surfaces with a Range of Biological Markers Without Affecting their Viability$h[electronic resource]
=260  \\$aCambridge, MA$bMyJoVE Corp$c2016
=300  \\$aonline resource (578 seconds)
=490  0\$aBiology
=500  \\$aTitle from resource description page
=520  \\$aFunction-Spacer-Lipid (FSL) constructs allow the surface characteristics of living cells and virions to be modified without loss of vitality. The method requires only simple contact of an FSL construct solution with a cell/virion and spontaneous and stable surface incorporation occurs.
=521  \\$aFor undergraduate, graduate, and professional students
=546  \\$aEnglish
=650  \0$aBiology
=856  40$uhttps://www.jove.com/video/3289
=945  \\$aThe Whole World

