=LDR  00888ngm a2200000i 4500
=001  JoVEBiology2809
=008  161201s2016\\\\xx\\\\\g\\\\\\s\\\\\eng\d
=035  \\$a(OCoLC)733445860
=040  \\$aVaAlASP$cVaAlASP
=100  1\$aKoulnis,Miroslav
=245  12$aIdentification and Analysis of Mouse Erythroid Progenitors using the CD71/TER119 Flow-cytometric Assay$h[electronic resource]
=260  \\$aCambridge, MA$bMyJoVE Corp$c2016
=300  \\$aonline resource (932 seconds)
=490  0\$aBiology
=500  \\$aTitle from resource description page
=520  \\$aA flow-cytometric method for identification and molecular analysis of differentiation-stage-specific murine erythroid progenitors and precursors, directly in freshly –harvested mouse bone marrow, spleen or fetal liver. The assay relies on cell-surface markers CD71, Ter119, and cell size.
=521  \\$aFor undergraduate, graduate, and professional students
=546  \\$aEnglish
=650  \0$aBiology
=856  40$uhttps://www.jove.com/video/2809
=945  \\$aThe Whole World

