=LDR  00926ngm a2200000i 4500
=001  JoVEBiology2764
=008  161201s2016\\\\xx\\\\\g\\\\\\s\\\\\eng\d
=035  \\$a(OCoLC)733445860
=040  \\$aVaAlASP$cVaAlASP
=100  1\$aYoungs,Curtis R.
=245  12$aCryopreservation of Preimplantation Embryos of Cattle, Sheep, and Goats$h[electronic resource]
=260  \\$aCambridge, MA$bMyJoVE Corp$c2016
=300  \\$aonline resource (669 seconds)
=490  0\$aBiology
=500  \\$aTitle from resource description page
=520  \\$aPreimplantation embryos may be cryopreserved after placement into a hypertonic cryoprotective solution to cause cellular dehydration. After equilibration, ice crystal formation is induced in the solution surrounding the embryo. Further dehydration occurs as the embryo is slowly cooled to subzero temperatures before plunging into liquid nitrogen for storage.
=521  \\$aFor undergraduate, graduate, and professional students
=546  \\$aEnglish
=650  \0$aBiology
=856  40$uhttps://www.jove.com/video/2764
=945  \\$aThe Whole World

