=LDR  00861ngm a2200000i 4500
=001  JoVEMedicine2644
=008  161201s2016\\\\xx\\\\\g\\\\\\s\\\\\eng\d
=035  \\$a(OCoLC)733445860
=040  \\$aVaAlASP$cVaAlASP
=100  1\$aBond,Wesley S.
=245  12$aEstablishment and Propagation of Human Retinoblastoma Tumors in Immune Deficient Mice$h[electronic resource]
=260  \\$aCambridge, MA$bMyJoVE Corp$c2016
=300  \\$aonline resource (475 seconds)
=490  0\$aMedicine
=500  \\$aTitle from resource description page
=520  \\$aA method is described to propagate human retinoblastoma tumors in mice. Tumor cells are directly injected into the eyes of immune deficient mice. Secondary tumors have been successfully established using both cells directly harvested from human tumors and cultured tumorspheres. 
=521  \\$aFor undergraduate, graduate, and professional students
=546  \\$aEnglish
=650  \0$aMedicine
=856  40$uhttps://www.jove.com/video/2644
=945  \\$aThe Whole World

