=LDR  01303ngm a2200000i 4500
=001  JoVEMedicine2257
=008  161201s2016\\\\xx\\\\\g\\\\\\s\\\\\eng\d
=035  \\$a(OCoLC)733445860
=040  \\$aVaAlASP$cVaAlASP
=100  1\$aCalfon,Marcella A.
=245  12$aIn vivo Near Infrared Fluorescence (NIRF) Intravascular Molecular Imaging of Inflammatory Plaque, a Multimodal Approach to Imaging of Atherosclerosis$h[electronic resource]
=260  \\$aCambridge, MA$bMyJoVE Corp$c2016
=300  \\$aonline resource (583 seconds)
=490  0\$aMedicine
=500  \\$aTitle from resource description page
=520  \\$aWe detail a new near-infrared fluorescence (NIRF) catheter for 2-dimensional intravascular molecular imaging of plaque biology in vivo.  The NIRF catheter can visualize key biological processes such as inflammation by reporting on the presence of plaque-avid activatable and targeted NIR fluorochromes.   The catheter utilizes clinical engineering and power requirements and is targeted for application in human coronary arteries. The following research study describes a multimodal imaging strategy that utilizes a novel in vivo intravascular NIRF catheter to image and quantify inflammatory plaque in proteolytically active inflamed rabbit atheromata.
=521  \\$aFor undergraduate, graduate, and professional students
=546  \\$aEnglish
=650  \0$aMedicine
=856  40$uhttps://www.jove.com/video/2257
=945  \\$aThe Whole World

