=LDR  00935ngm a2200000i 4500
=001  JoVEBiology2812
=008  161201s2016\\\\xx\\\\\g\\\\\\s\\\\\eng\d
=035  \\$a(OCoLC)733445860
=040  \\$aVaAlASP$cVaAlASP
=100  1\$aZhao,Lei
=245  12$aQuantification of Proteins Using Peptide Immunoaffinity Enrichment Coupled with Mass Spectrometry$h[electronic resource]
=260  \\$aCambridge, MA$bMyJoVE Corp$c2016
=300  \\$aonline resource (369 seconds)
=490  0\$aBiology
=500  \\$aTitle from resource description page
=520  \\$aStable Isotope Standards and Capture by Anti-Peptide Antibodies (SISCAPA) couples affinity enrichment of peptides with stable isotope dilution mass spectrometry (MRM-MS) to provide quantitative measurement of peptides as surrogates for their respective proteins. Here we describe the protocol using magnetic particles in a partially automated format.
=521  \\$aFor undergraduate, graduate, and professional students
=546  \\$aEnglish
=650  \0$aBiology
=856  40$uhttps://www.jove.com/video/2812
=945  \\$aThe Whole World

