=LDR  00909ngm a2200000i 4500
=001  JoVEMedicine2962
=008  161201s2016\\\\xx\\\\\g\\\\\\s\\\\\eng\d
=035  \\$a(OCoLC)733445860
=040  \\$aVaAlASP$cVaAlASP
=100  1\$aBötticher,Gregor
=245  12$aIsolation of Human Islets from Partially Pancreatectomized Patients$h[electronic resource]
=260  \\$aCambridge, MA$bMyJoVE Corp$c2016
=300  \\$aonline resource (670 seconds)
=490  0\$aMedicine
=500  \\$aTitle from resource description page
=520  \\$aThe supply of type 2 diabetic islets for research is insufficient. Here we share our protocol for isolating islets from patients undergoing partial pancreatectomy. This approach represents a unique venue for obtaining islets from type 2 diabetic and clinically matched non-diabetic subjects in adequate numbers for basic and clinical studies.
=521  \\$aFor undergraduate, graduate, and professional students
=546  \\$aEnglish
=650  \0$aMedicine
=856  40$uhttps://www.jove.com/video/2962
=945  \\$aThe Whole World

