=LDR  00750ngm a2200000i 4500
=001  JoVEBiology2777
=008  161201s2016\\\\xx\\\\\g\\\\\\s\\\\\eng\d
=035  \\$a(OCoLC)733445860
=040  \\$aVaAlASP$cVaAlASP
=100  1\$aGuthmueller,Kassandra L.
=245  12$aDetermining Genetic Expression Profiles in C. elegans Using Microarray and Real-time PCR$h[electronic resource]
=260  \\$aCambridge, MA$bMyJoVE Corp$c2016
=300  \\$aonline resource (627 seconds)
=490  0\$aBiology
=500  \\$aTitle from resource description page
=520  \\$aMicroarray analysis was conducted to determine genetic expression profiles in C. elegans, and real-time PCR was used to validate and quantify microarray data.
=521  \\$aFor undergraduate, graduate, and professional students
=546  \\$aEnglish
=650  \0$aBiology
=856  40$uhttps://www.jove.com/video/2777
=945  \\$aThe Whole World

