=LDR  00884ngm a2200000i 4500
=001  JoVEMedicine3103
=008  161201s2016\\\\xx\\\\\g\\\\\\s\\\\\eng\d
=035  \\$a(OCoLC)733445860
=040  \\$aVaAlASP$cVaAlASP
=100  1\$aFilgueiras-Rama,David
=245  12$aHigh-Resolution Endocardial and Epicardial Optical Mapping in a Sheep Model of Stretch-Induced Atrial Fibrillation$h[electronic resource]
=260  \\$aCambridge, MA$bMyJoVE Corp$c2016
=300  \\$aonline resource (557 seconds)
=490  0\$aMedicine
=500  \\$aTitle from resource description page
=520  \\$aThis report provides a detailed description of the methodology and results of simultaneous endocardial and epicardial optical mapping of electrical excitation in the intact left atrium of a Langendorff-perfused sheep heart during stretch-induced atrial fibrillation.
=521  \\$aFor undergraduate, graduate, and professional students
=546  \\$aEnglish
=650  \0$aMedicine
=856  40$uhttps://www.jove.com/video/3103
=945  \\$aThe Whole World

