=LDR  00947ngm a2200000i 4500
=001  JoVEBiology3085
=008  161201s2016\\\\xx\\\\\g\\\\\\s\\\\\eng\d
=035  \\$a(OCoLC)733445860
=040  \\$aVaAlASP$cVaAlASP
=100  1\$aLeeper,Alexander D.
=245  12$aLong-term Culture of Human Breast Cancer Specimens and Their Analysis Using Optical Projection Tomography$h[electronic resource]
=260  \\$aCambridge, MA$bMyJoVE Corp$c2016
=300  \\$aonline resource (610 seconds)
=490  0\$aBiology
=500  \\$aTitle from resource description page
=520  \\$aWe have developed a collagen-based in vitro assay which promotes proliferation and invasion from samples of all breast cancer subtypes. Optical Projection Tomography, a three dimensional microscopy technique was utilised to visualise and quantify tumour expansion. This assay may be used to quantify drug response of individual tumour samples.
=521  \\$aFor undergraduate, graduate, and professional students
=546  \\$aEnglish
=650  \0$aBiology
=856  40$uhttps://www.jove.com/video/3085
=945  \\$aThe Whole World

