=LDR  00991ngm a2200000i 4500
=001  JoVEMedicine2846
=008  161201s2016\\\\xx\\\\\g\\\\\\s\\\\\eng\d
=035  \\$a(OCoLC)733445860
=040  \\$aVaAlASP$cVaAlASP
=100  1\$aJoshi,Kaushal
=245  12$aMethod for Novel Anti-Cancer Drug Development using Tumor Explants of Surgical Specimens$h[electronic resource]
=260  \\$aCambridge, MA$bMyJoVE Corp$c2016
=300  \\$aonline resource (566 seconds)
=490  0\$aMedicine
=500  \\$aTitle from resource description page
=520  \\$aHere, we established a method for drug efficacy testing with surgical specimens of brain tumors, termed “tumor explant method”.  With this method, we can evaluate drug efficacy without breaking the microenvironment of solid tumors. To validate reliability of this method, we describe representative data with our glioma specimen treated with the current first-line chemotherapeutic agent, temozolomide. 
=521  \\$aFor undergraduate, graduate, and professional students
=546  \\$aEnglish
=650  \0$aMedicine
=856  40$uhttps://www.jove.com/video/2846
=945  \\$aThe Whole World

