=LDR  00741ngm a2200000i 4500
=001  JoVEBiology2836
=008  161201s2016\\\\xx\\\\\g\\\\\\s\\\\\eng\d
=035  \\$a(OCoLC)733445860
=040  \\$aVaAlASP$cVaAlASP
=100  1\$aFleming,Michael S.
=245  12$aHigh-throughput Yeast Plasmid Overexpression Screen$h[electronic resource]
=260  \\$aCambridge, MA$bMyJoVE Corp$c2016
=300  \\$aonline resource (537 seconds)
=490  0\$aBiology
=500  \\$aTitle from resource description page
=520  \\$aHere we describe a plasmid overexpression screen in Saccharomyces cerevisiae, using an arrayed plasmid library and a high-throughput yeast transformation protocol with a liquid handling robot.
=521  \\$aFor undergraduate, graduate, and professional students
=546  \\$aEnglish
=650  \0$aBiology
=856  40$uhttps://www.jove.com/video/2836
=945  \\$aThe Whole World

