=LDR  00891ngm a2200000i 4500
=001  JoVEBiology2802
=008  161201s2016\\\\xx\\\\\g\\\\\\s\\\\\eng\d
=035  \\$a(OCoLC)733445860
=040  \\$aVaAlASP$cVaAlASP
=100  1\$aChen,Yu
=245  12$aVisualization of the Interstitial Cells of Cajal (ICC) Network in Mice$h[electronic resource]
=260  \\$aCambridge, MA$bMyJoVE Corp$c2016
=300  \\$aonline resource (585 seconds)
=490  0\$aBiology
=500  \\$aTitle from resource description page
=520  \\$aThe interstitial cells of Cajal (ICC) are the  pacemaker cells  of the gastrointestinal (GI) tract. They form complex networks between smooth muscle cells and post-ganglionic neuronal fibers to regulate GI contractility. Here, we present immunofluorescence methods cross-sectional and whole-mount visualization of murine ICC networks.
=521  \\$aFor undergraduate, graduate, and professional students
=546  \\$aEnglish
=650  \0$aBiology
=856  40$uhttps://www.jove.com/video/2802
=945  \\$aThe Whole World

