=LDR  00903ngm a2200000i 4500
=001  JoVEMedicine3039
=008  161201s2016\\\\xx\\\\\g\\\\\\s\\\\\eng\d
=035  \\$a(OCoLC)733445860
=040  \\$aVaAlASP$cVaAlASP
=100  1\$aColak,Gozde
=245  12$aThe Application Of Permanent Middle Cerebral Artery Ligation in the Mouse$h[electronic resource]
=260  \\$aCambridge, MA$bMyJoVE Corp$c2016
=300  \\$aonline resource (507 seconds)
=490  0\$aMedicine
=500  \\$aTitle from resource description page
=520  \\$aMiddle cerebral artery (MCA) ligation is a technique to study focal cerebral ischemia in animal models. In this method, the middle cerebral artery is exposed by craniotomy and ligated by cauterization. This method gives highly reproducible infarct volumes and increased post-operative survival rates compared to other methods available.
=521  \\$aFor undergraduate, graduate, and professional students
=546  \\$aEnglish
=650  \0$aMedicine
=856  40$uhttps://www.jove.com/video/3039
=945  \\$aThe Whole World

