=LDR  00948ngm a2200000i 4500
=001  JoVEMedicine2941
=008  161201s2016\\\\xx\\\\\g\\\\\\s\\\\\eng\d
=035  \\$a(OCoLC)733445860
=040  \\$aVaAlASP$cVaAlASP
=100  1\$aGatesman Ammer,Amanda
=245  12$aMulti-photon Imaging of Tumor Cell Invasion in an Orthotopic Mouse Model of Oral Squamous Cell Carcinoma$h[electronic resource]
=260  \\$aCambridge, MA$bMyJoVE Corp$c2016
=300  \\$aonline resource (723 seconds)
=490  0\$aMedicine
=500  \\$aTitle from resource description page
=520  \\$aA comprehensive overview of the techniques involved in generating a mouse model of oral cancer and quantitative monitoring of tumor invasion within the tongue through multi-photon microscopy of labeled cells is presented.  This system can serve as a useful platform for the molecular assessment and drug efficacy of anti-invasive compounds.
=521  \\$aFor undergraduate, graduate, and professional students
=546  \\$aEnglish
=650  \0$aMedicine
=856  40$uhttps://www.jove.com/video/2941
=945  \\$aThe Whole World

