=LDR  00921ngm a2200000i 4500
=001  JoVEBiology2822
=008  161201s2016\\\\xx\\\\\g\\\\\\s\\\\\eng\d
=035  \\$a(OCoLC)733445860
=040  \\$aVaAlASP$cVaAlASP
=100  1\$aBarrilleaux,Bonnie
=245  12$aTransduction of Human Cells with Polymer-complexed Ecotropic Lentivirus for Enhanced Biosafety$h[electronic resource]
=260  \\$aCambridge, MA$bMyJoVE Corp$c2016
=300  \\$aonline resource (843 seconds)
=490  0\$aBiology
=500  \\$aTitle from resource description page
=520  \\$aLentiviruses are a valuable research tool for exploring gene function; however, researchers may wish to avoid production of pantropic lentivirus encoding known or suspected oncogenes. As an alternative, we present a safer protocol for use of ecotropic lentivirus on human cells modified to express the ecotropic receptor mSlc7a1.
=521  \\$aFor undergraduate, graduate, and professional students
=546  \\$aEnglish
=650  \0$aBiology
=856  40$uhttps://www.jove.com/video/2822
=945  \\$aThe Whole World

