=LDR  00881ngm a2200000i 4500
=001  JoVEBiology2851
=008  161201s2016\\\\xx\\\\\g\\\\\\s\\\\\eng\d
=035  \\$a(OCoLC)733445860
=040  \\$aVaAlASP$cVaAlASP
=100  1\$aStein,Paula
=245  12$aMouse Oocyte Microinjection, Maturation and Ploidy Assessment$h[electronic resource]
=260  \\$aCambridge, MA$bMyJoVE Corp$c2016
=300  \\$aonline resource (423 seconds)
=490  0\$aBiology
=500  \\$aTitle from resource description page
=520  \\$aOocytes are prone to aneuploidy due to errors in chromosome segregation during meiotic maturation.  Aneuploid eggs can cause infertility, miscarriages or developmental disorders like Down syndrome.  Here, we describe methods to introduce materials of choice into oocytes and methods to study meiotic maturation and assess ploidy.
=521  \\$aFor undergraduate, graduate, and professional students
=546  \\$aEnglish
=650  \0$aBiology
=856  40$uhttps://www.jove.com/video/2851
=945  \\$aThe Whole World

