=LDR  00852ngm a2200000i 4500
=001  JoVEBiology2844
=008  161201s2016\\\\xx\\\\\g\\\\\\s\\\\\eng\d
=035  \\$a(OCoLC)733445860
=040  \\$aVaAlASP$cVaAlASP
=100  1\$aAverill,Derek J.
=245  12$aPreparation, Purification, and Characterization of Lanthanide Complexes for Use as Contrast Agents for Magnetic Resonance Imaging$h[electronic resource]
=260  \\$aCambridge, MA$bMyJoVE Corp$c2016
=300  \\$aonline resource (801 seconds)
=490  0\$aBiology
=500  \\$aTitle from resource description page
=520  \\$aWe demonstrate the metalation, purification, and characterization of lanthanide complexes. The complexes described here can be conjugated to macromolecules to enable tracking of these molecules using magnetic resonance imaging.
=521  \\$aFor undergraduate, graduate, and professional students
=546  \\$aEnglish
=650  \0$aBiology
=856  40$uhttps://www.jove.com/video/2844
=945  \\$aThe Whole World

