=LDR  00839ngm a2200000i 4500
=001  JoVEBiology2828
=008  161201s2016\\\\xx\\\\\g\\\\\\s\\\\\eng\d
=035  \\$a(OCoLC)733445860
=040  \\$aVaAlASP$cVaAlASP
=100  1\$aPlante,Isabelle
=245  12$aEvaluation of Mammary Gland Development and Function in Mouse Models$h[electronic resource]
=260  \\$aCambridge, MA$bMyJoVE Corp$c2016
=300  \\$aonline resource (531 seconds)
=490  0\$aBiology
=500  \\$aTitle from resource description page
=520  \\$aThis method describes how to dissect and assess mammary gland development and function from mice. Excised mammary glands are assessed for the degree of development using whole mount while milk ejection is evaluated using an oxytocin-based myoepithelial cell contraction assay.
=521  \\$aFor undergraduate, graduate, and professional students
=546  \\$aEnglish
=650  \0$aBiology
=856  40$uhttps://www.jove.com/video/2828
=945  \\$aThe Whole World

