=LDR  00854ngm a2200000i 4500
=001  JoVEMedicine2502
=008  161201s2016\\\\xx\\\\\g\\\\\\s\\\\\eng\d
=035  \\$a(OCoLC)733445860
=040  \\$aVaAlASP$cVaAlASP
=100  1\$aNovak,Peter
=245  12$aQuantitative Autonomic Testing$h[electronic resource]
=260  \\$aCambridge, MA$bMyJoVE Corp$c2016
=300  \\$aonline resource (700 seconds)
=490  0\$aMedicine
=500  \\$aTitle from resource description page
=520  \\$aStandardized, comprehensive and fully quantitative testing of autonomic functions is described. The autonomic tests consist of evaluation of all three major autonomic domains including cardiovagal, adrenergic and sudomotor. The severity and distribution of dysautonomia is quantitated using Composite Autonomic Severity Scores.   
=521  \\$aFor undergraduate, graduate, and professional students
=546  \\$aEnglish
=650  \0$aMedicine
=856  40$uhttps://www.jove.com/video/2502
=945  \\$aThe Whole World

