=LDR  00884ngm a2200000i 4500
=001  JoVEMedicine2549
=008  161201s2016\\\\xx\\\\\g\\\\\\s\\\\\eng\d
=035  \\$a(OCoLC)733445860
=040  \\$aVaAlASP$cVaAlASP
=100  1\$aGrenz,Almut
=245  12$aUse of a Hanging-weight System for Isolated Renal Artery Occlusion$h[electronic resource]
=260  \\$aCambridge, MA$bMyJoVE Corp$c2016
=300  \\$aonline resource (474 seconds)
=490  0\$aMedicine
=500  \\$aTitle from resource description page
=520  \\$aA precise murine model for acute kidney injury (AKI) due to ischemia is an important tool to investigate acute kidney injury and possibly find therapeutic tools to treat renal injury. The hanging weight system offers a tool for immediate and reliable renal artery occlusion and reperfusion without causing renal congestion. 
=521  \\$aFor undergraduate, graduate, and professional students
=546  \\$aEnglish
=650  \0$aMedicine
=856  40$uhttps://www.jove.com/video/2549
=945  \\$aThe Whole World

