=LDR  00932ngm a2200000i 4500
=001  JoVEBiology2779
=008  161201s2016\\\\xx\\\\\g\\\\\\s\\\\\eng\d
=035  \\$a(OCoLC)733445860
=040  \\$aVaAlASP$cVaAlASP
=100  1\$aMijaljica,Dalibor
=245  12$aA Fluorescence Microscopy Assay for Monitoring Mitophagy in the Yeast Saccharomyces cerevisiae$h[electronic resource]
=260  \\$aCambridge, MA$bMyJoVE Corp$c2016
=300  \\$aonline resource (627 seconds)
=490  0\$aBiology
=500  \\$aTitle from resource description page
=520  \\$aA robust approach to monitor the delivery of organelles to the acidic lumen of the yeast vacuole for degradation and recycling is described. The method relies on the specific labeling of target organelles with a genetically encoded dual-emission fluorescence pH-biosensor, and visualization of individual cells using fluorescence microscopy.
=521  \\$aFor undergraduate, graduate, and professional students
=546  \\$aEnglish
=650  \0$aBiology
=856  40$uhttps://www.jove.com/video/2779
=945  \\$aThe Whole World

