=LDR  00932ngm a2200000i 4500
=001  JoVEBiology2813
=008  161201s2016\\\\xx\\\\\g\\\\\\s\\\\\eng\d
=035  \\$a(OCoLC)733445860
=040  \\$aVaAlASP$cVaAlASP
=100  1\$aPalii,Carmen G.
=245  12$aLentiviral-mediated Knockdown During Ex Vivo Erythropoiesis of Human Hematopoietic Stem Cells$h[electronic resource]
=260  \\$aCambridge, MA$bMyJoVE Corp$c2016
=300  \\$aonline resource (862 seconds)
=490  0\$aBiology
=500  \\$aTitle from resource description page
=520  \\$aAn ex vivo protocol to generate mature human red blood cells from hematopoietic stem/progenitors is described. Additionally we describe an efficient lentiviral-delivery method to knockdown the transcription factor TAL1 in primary erythroid cells. The efficiency of lentivirus mediated gene delivery is demonstrated using GFP expressing viruses.
=521  \\$aFor undergraduate, graduate, and professional students
=546  \\$aEnglish
=650  \0$aBiology
=856  40$uhttps://www.jove.com/video/2813
=945  \\$aThe Whole World

