=LDR  00972ngm a2200000i 4500
=001  JoVEBiology2790
=008  161201s2016\\\\xx\\\\\g\\\\\\s\\\\\eng\d
=035  \\$a(OCoLC)733445860
=040  \\$aVaAlASP$cVaAlASP
=100  1\$aBlackburn,Jessica S.
=245  12$aQuantifying the Frequency of Tumor-propagating Cells Using Limiting Dilution Cell Transplantation in Syngeneic Zebrafish$h[electronic resource]
=260  \\$aCambridge, MA$bMyJoVE Corp$c2016
=300  \\$aonline resource (481 seconds)
=490  0\$aBiology
=500  \\$aTitle from resource description page
=520  \\$aLimiting dilution cell transplantation assays are used to determine the frequency of tumor-propagating cells. This protocol describes a method for generating syngeneic zebrafish that develop fluorescently-labeled leukemia and details how to isolate and transplant these leukemia cells at limiting dilution into the peritoneal cavity of adult zebrafish.
=521  \\$aFor undergraduate, graduate, and professional students
=546  \\$aEnglish
=650  \0$aBiology
=856  40$uhttps://www.jove.com/video/2790
=945  \\$aThe Whole World

