=LDR  00794ngm a2200000i 4500
=001  JoVEMedicine2737
=008  161201s2016\\\\xx\\\\\g\\\\\\s\\\\\eng\d
=035  \\$a(OCoLC)733445860
=040  \\$aVaAlASP$cVaAlASP
=100  1\$aDiaz,Jose A.
=245  12$aElectrolytic Inferior Vena Cava Model (EIM) of Venous Thrombosis$h[electronic resource]
=260  \\$aCambridge, MA$bMyJoVE Corp$c2016
=300  \\$aonline resource (363 seconds)
=490  0\$aMedicine
=500  \\$aTitle from resource description page
=520  \\$aThe electrolytic induction of endothelial activation to the internal surface of the Inferior Vena Cava results in venous type thrombus formation due to endothelial activation and partial blood stasis, two components of Virchow's triad.
=521  \\$aFor undergraduate, graduate, and professional students
=546  \\$aEnglish
=650  \0$aMedicine
=856  40$uhttps://www.jove.com/video/2737
=945  \\$aThe Whole World

