=LDR  00721ngm a2200000i 4500
=001  JoVEMedicine2523
=008  161201s2016\\\\xx\\\\\g\\\\\\s\\\\\eng\d
=035  \\$a(OCoLC)733445860
=040  \\$aVaAlASP$cVaAlASP
=100  1\$aFu,Chi-Ling
=245  12$aMouse Bladder Wall Injection$h[electronic resource]
=260  \\$aCambridge, MA$bMyJoVE Corp$c2016
=300  \\$aonline resource (228 seconds)
=490  0\$aMedicine
=500  \\$aTitle from resource description page
=520  \\$aMouse bladder wall injection is a useful approach to orthotopically study bladder stem cell and cancer biology. This delicate microsurgical method can be mastered with careful technique and practice.
=521  \\$aFor undergraduate, graduate, and professional students
=546  \\$aEnglish
=650  \0$aMedicine
=856  40$uhttps://www.jove.com/video/2523
=945  \\$aThe Whole World

