=LDR  00908ngm a2200000i 4500
=001  JoVEBiology3065
=008  161201s2016\\\\xx\\\\\g\\\\\\s\\\\\eng\d
=035  \\$a(OCoLC)733445860
=040  \\$aVaAlASP$cVaAlASP
=100  1\$aLin,Ruei-Zeng
=245  12$aBioengineering Human Microvascular Networks in Immunodeficient Mice$h[electronic resource]
=260  \\$aCambridge, MA$bMyJoVE Corp$c2016
=300  \\$aonline resource (415 seconds)
=490  0\$aBiology
=500  \\$aTitle from resource description page
=520  \\$aHere, we describe a methodology to deliver human cord blood-derived endothelial colony-forming cells (ECFCs) and bone marrow-derived mesenchymal stem cells (MSCs), embedded in a collagen/fibronectin gel, subcutaneously into immunodeficient mice. This cell/gel combination generates a human vascular network that connects with the mouse vasculature.
=521  \\$aFor undergraduate, graduate, and professional students
=546  \\$aEnglish
=650  \0$aBiology
=856  40$uhttps://www.jove.com/video/3065
=945  \\$aThe Whole World

