=LDR  00871ngm a2200000i 4500
=001  JoVEBiology2887
=008  161201s2016\\\\xx\\\\\g\\\\\\s\\\\\eng\d
=035  \\$a(OCoLC)733445860
=040  \\$aVaAlASP$cVaAlASP
=100  1\$aBey,Benjamin S.
=245  12$aExtraction of High Molecular Weight DNA from Microbial Mats$h[electronic resource]
=260  \\$aCambridge, MA$bMyJoVE Corp$c2016
=300  \\$aonline resource (570 seconds)
=490  0\$aBiology
=500  \\$aTitle from resource description page
=520  \\$aWe provide an improved protocol for extracting high molecular weight DNA from hypersaline microbial mats. Microbial cells are separated from the mat matrix prior to DNA extraction and purification.  This enhances the concentrations, quality, and size of the DNA. The protocol may be used for other refractory samples.
=521  \\$aFor undergraduate, graduate, and professional students
=546  \\$aEnglish
=650  \0$aBiology
=856  40$uhttps://www.jove.com/video/2887
=945  \\$aThe Whole World

