=LDR  00968ngm a2200000i 4500
=001  JoVEBiology2730
=008  161201s2016\\\\xx\\\\\g\\\\\\s\\\\\eng\d
=035  \\$a(OCoLC)733445860
=040  \\$aVaAlASP$cVaAlASP
=100  1\$aLang,Sven
=245  12$aLive Cell Calcium Imaging Combined with siRNA Mediated Gene Silencing Identifies Ca2+ Leak Channels in the ER Membrane and their Regulatory Mechanisms$h[electronic resource]
=260  \\$aCambridge, MA$bMyJoVE Corp$c2016
=300  \\$aonline resource (820 seconds)
=490  0\$aBiology
=500  \\$aTitle from resource description page
=520  \\$aThe endoplasmic reticulum plays a key role in protein biogenesis and in calcium homeostasis. We have established an experimental system that allows us to address the role of Ca2+ leak channels and to characterize their putative regulatory mechanisms. This system involves siRNA mediated gene silencing and live cell Ca2+ imaging.
=521  \\$aFor undergraduate, graduate, and professional students
=546  \\$aEnglish
=650  \0$aBiology
=856  40$uhttps://www.jove.com/video/2730
=945  \\$aThe Whole World

