=LDR  00914ngm a2200000i 4500
=001  JoVEMedicine2590
=008  161201s2016\\\\xx\\\\\g\\\\\\s\\\\\eng\d
=035  \\$a(OCoLC)733445860
=040  \\$aVaAlASP$cVaAlASP
=100  1\$aForbes,Jonathan
=245  12$aMicrovascular Decompression: Salient Surgical Principles and Technical Nuances$h[electronic resource]
=260  \\$aCambridge, MA$bMyJoVE Corp$c2016
=300  \\$aonline resource (635 seconds)
=490  0\$aMedicine
=500  \\$aTitle from resource description page
=520  \\$aThere are many available options for management of the patient with trigeminal neuralgia. Microvascular decompression, while the most invasive of all options, is also the most effective at achieving long term remission of symptoms. Video instruction on how to maximize efficacy and minimize complications with this procedure is described.
=521  \\$aFor undergraduate, graduate, and professional students
=546  \\$aEnglish
=650  \0$aMedicine
=856  40$uhttps://www.jove.com/video/2590
=945  \\$aThe Whole World

