=LDR  00855ngm a2200000i 4500
=001  JoVEMedicine2281
=008  161201s2016\\\\xx\\\\\g\\\\\\s\\\\\eng\d
=035  \\$a(OCoLC)733445860
=040  \\$aVaAlASP$cVaAlASP
=100  1\$aLenarz,Christopher J.
=245  12$aReverse Total Shoulder Arthroplasty$h[electronic resource]
=260  \\$aCambridge, MA$bMyJoVE Corp$c2016
=300  \\$aonline resource (610 seconds)
=490  0\$aMedicine
=500  \\$aTitle from resource description page
=520  \\$aReverse total shoulder arthroplasty is indicated for the treatment of conditions that cannot be treated with conventional arthroplasty or other procedures. These primarily include degenerative and incapacitating conditions with irreparable rotator cuff and loss of the normal biomechanical coupling of the shoulder. 
=521  \\$aFor undergraduate, graduate, and professional students
=546  \\$aEnglish
=650  \0$aMedicine
=856  40$uhttps://www.jove.com/video/2281
=945  \\$aThe Whole World

