=LDR  00910ngm a2200000i 4500
=001  JoVEBiology3240
=008  161201s2016\\\\xx\\\\\g\\\\\\s\\\\\eng\d
=035  \\$a(OCoLC)733445860
=040  \\$aVaAlASP$cVaAlASP
=100  1\$aGomez,Leonardo D.
=245  12$aHigh-throughput Saccharification Assay for Lignocellulosic Materials$h[electronic resource]
=260  \\$aCambridge, MA$bMyJoVE Corp$c2016
=300  \\$aonline resource (699 seconds)
=490  0\$aBiology
=500  \\$aTitle from resource description page
=520  \\$aA simple, rapid method for determining the saccharification potential of large numbers of plant biomass samples is described. The automated platform for this analysis involves the preparation of the plant biomass for analysis in 96 well plates and the subsequent performance of pretreatment, hydrolysis and quantification of the sugars released.
=521  \\$aFor undergraduate, graduate, and professional students
=546  \\$aEnglish
=650  \0$aBiology
=856  40$uhttps://www.jove.com/video/3240
=945  \\$aThe Whole World

