=LDR  00851ngm a2200000i 4500
=001  JoVEBiology2901
=008  161201s2016\\\\xx\\\\\g\\\\\\s\\\\\eng\d
=035  \\$a(OCoLC)733445860
=040  \\$aVaAlASP$cVaAlASP
=100  1\$aManoukis,Nicholas
=245  12$aAn Optimized Protocol for Rearing Fopius arisanus, a Parasitoid of Tephritid Fruit Flies$h[electronic resource]
=260  \\$aCambridge, MA$bMyJoVE Corp$c2016
=300  \\$aonline resource (720 seconds)
=490  0\$aBiology
=500  \\$aTitle from resource description page
=520  \\$aFopius arisanus is an egg-larval parasitoid of Tephritid fruit flies that is successfully used in biological control of these important tropical pests. We describe here an optimized protocol for rearing F. arisanus on a small scale using readily available materials.
=521  \\$aFor undergraduate, graduate, and professional students
=546  \\$aEnglish
=650  \0$aBiology
=856  40$uhttps://www.jove.com/video/2901
=945  \\$aThe Whole World

