=LDR  00942ngm a2200000i 4500
=001  JoVEBiology2722
=008  161201s2016\\\\xx\\\\\g\\\\\\s\\\\\eng\d
=035  \\$a(OCoLC)733445860
=040  \\$aVaAlASP$cVaAlASP
=100  1\$aHaselton,Aaron T.
=245  12$aInsulin Injection and Hemolymph Extraction to Measure Insulin Sensitivity in Adult Drosophila melanogaster$h[electronic resource]
=260  \\$aCambridge, MA$bMyJoVE Corp$c2016
=300  \\$aonline resource (352 seconds)
=490  0\$aBiology
=500  \\$aTitle from resource description page
=520  \\$aConserved insulin signaling pathways found in the fruit fly Drosophila melanogaster make this organism a potential tool for modeling metabolic disorders including type II diabetes.  To this end, it is critical to establish physiological assays to effectively measure systemic insulin action in peripheral glucose disposal in the adult fly.
=521  \\$aFor undergraduate, graduate, and professional students
=546  \\$aEnglish
=650  \0$aBiology
=856  40$uhttps://www.jove.com/video/2722
=945  \\$aThe Whole World

