=LDR  00845ngm a2200000i 4500
=001  JoVEBiology2717
=008  161201s2016\\\\xx\\\\\g\\\\\\s\\\\\eng\d
=035  \\$a(OCoLC)733445860
=040  \\$aVaAlASP$cVaAlASP
=100  1\$aWeisleder,Noah
=245  12$aVisualization of MG53-mediated Cell Membrane Repair Using in vivo and in vitro Systems$h[electronic resource]
=260  \\$aCambridge, MA$bMyJoVE Corp$c2016
=300  \\$aonline resource (619 seconds)
=490  0\$aBiology
=500  \\$aTitle from resource description page
=520  \\$aDescribed here are protocols used to visualize the dynamic process of MG53-mediated cell membrane repair in whole animals and at the cellular level. These methods can be applied to investigate the cell biology of plasma membrane resealing and regenerative medicine.
=521  \\$aFor undergraduate, graduate, and professional students
=546  \\$aEnglish
=650  \0$aBiology
=856  40$uhttps://www.jove.com/video/2717
=945  \\$aThe Whole World

