=LDR  00887ngm a2200000i 4500
=001  JoVEBiology2773
=008  161201s2016\\\\xx\\\\\g\\\\\\s\\\\\eng\d
=035  \\$a(OCoLC)733445860
=040  \\$aVaAlASP$cVaAlASP
=100  1\$aKole,Adam J.
=245  12$aActivation of Apoptosis by Cytoplasmic Microinjection of Cytochrome c$h[electronic resource]
=260  \\$aCambridge, MA$bMyJoVE Corp$c2016
=300  \\$aonline resource (462 seconds)
=490  0\$aBiology
=500  \\$aTitle from resource description page
=520  \\$aIn this protocol, we describe the direct cytoplasmic microinjection of cytochrome c protein into fibroblasts and primary sympathetic neurons.  This technique allows for the introduction of cytochrome c protein into the cytoplasm of cells and mimics the release of cytochrome c from mitochondria, which occurs during apoptosis.
=521  \\$aFor undergraduate, graduate, and professional students
=546  \\$aEnglish
=650  \0$aBiology
=856  40$uhttps://www.jove.com/video/2773
=945  \\$aThe Whole World

