=LDR  00949ngm a2200000i 4500
=001  JoVEBiology2696
=008  161201s2016\\\\xx\\\\\g\\\\\\s\\\\\eng\d
=035  \\$a(OCoLC)733445860
=040  \\$aVaAlASP$cVaAlASP
=100  1\$aNissim-Rafinia,Malka
=245  12$aPhotobleaching Assays (FRAP & FLIP) to Measure Chromatin Protein Dynamics in Living Embryonic Stem Cells$h[electronic resource]
=260  \\$aCambridge, MA$bMyJoVE Corp$c2016
=300  \\$aonline resource (558 seconds)
=490  0\$aBiology
=500  \\$aTitle from resource description page
=520  \\$aWe describe photobleaching methods including Fluorescence Recovery After Photobleaching (FRAP) and Fluorescence Loss In Photobleaching (FLIP) to monitor chromatin protein dynamics in embryonic stem (ES) cells. Chromatin protein dynamics, which is considered to be one of the means to study chromatin plasticity, is enhanced in pluripotent cells.
=521  \\$aFor undergraduate, graduate, and professional students
=546  \\$aEnglish
=650  \0$aBiology
=856  40$uhttps://www.jove.com/video/2696
=945  \\$aThe Whole World

