=LDR  00937ngm a2200000i 4500
=001  JoVEBiology2755
=008  161201s2016\\\\xx\\\\\g\\\\\\s\\\\\eng\d
=035  \\$a(OCoLC)733445860
=040  \\$aVaAlASP$cVaAlASP
=100  1\$aHou,Shuang
=245  12$aMicrowave-assisted One-pot Synthesis of N-succinimidyl-4-[18F]fluorobenzoate ([18F]SFB)$h[electronic resource]
=260  \\$aCambridge, MA$bMyJoVE Corp$c2016
=300  \\$aonline resource (513 seconds)
=490  0\$aBiology
=500  \\$aTitle from resource description page
=520  \\$aA facile, one-pot synthesis of N-succinimidyl-4-[18F]fluorobenzoate ([18F]SFB) was developed based on a non-aqueous, three-step radiochemical process. Using microwave heating, the entire procedure can be completed in less than 30 min, or 60 min with further purification by preparative HPLC. The decay-corrected radiochemical yields (RCYs) were 35-5% (n > 30).
=521  \\$aFor undergraduate, graduate, and professional students
=546  \\$aEnglish
=650  \0$aBiology
=856  40$uhttps://www.jove.com/video/2755
=945  \\$aThe Whole World

