=LDR  00936ngm a2200000i 4500
=001  JoVEBiology2689
=008  161201s2016\\\\xx\\\\\g\\\\\\s\\\\\eng\d
=035  \\$a(OCoLC)733445860
=040  \\$aVaAlASP$cVaAlASP
=100  1\$aEisenhoffer,George T.
=245  12$aLive Imaging of Cell Extrusion from the Epidermis of Developing Zebrafish$h[electronic resource]
=260  \\$aCambridge, MA$bMyJoVE Corp$c2016
=300  \\$aonline resource (579 seconds)
=490  0\$aBiology
=500  \\$aTitle from resource description page
=520  \\$aDying cells are extruded from epithelial tissues by concerted contraction of neighboring cells without disrupting barrier function. The optical clarity of developing zebrafish provides an excellent system to visualize extrusion in living epithelia.  Here we describe methods to induce and image extrusion in the larval zebrafish epidermis at cellular resolution.
=521  \\$aFor undergraduate, graduate, and professional students
=546  \\$aEnglish
=650  \0$aBiology
=856  40$uhttps://www.jove.com/video/2689
=945  \\$aThe Whole World

