=LDR  00983ngm a2200000i 4500
=001  JoVEMedicine2652
=008  161201s2016\\\\xx\\\\\g\\\\\\s\\\\\eng\d
=035  \\$a(OCoLC)733445860
=040  \\$aVaAlASP$cVaAlASP
=100  1\$aEttrup,Kaare S.
=245  12$aBasic Surgical Techniques in the Göttingen Minipig: Intubation, Bladder Catheterization, Femoral Vessel Catheterization, and Transcardial Perfusion$h[electronic resource]
=260  \\$aCambridge, MA$bMyJoVE Corp$c2016
=300  \\$aonline resource (807 seconds)
=490  0\$aMedicine
=500  \\$aTitle from resource description page
=520  \\$aThe use of domestic and miniature pigs in science has increased significantly in recent years. By demonstrating how to perform intubation, transurethral bladder catheterization, femoral artery and vein catheterization, as well as transcardial perfusion, we aim to further increase the value of Göttingen minipigs in biomedical research.
=521  \\$aFor undergraduate, graduate, and professional students
=546  \\$aEnglish
=650  \0$aMedicine
=856  40$uhttps://www.jove.com/video/2652
=945  \\$aThe Whole World

