=LDR  00902ngm a2200000i 4500
=001  JoVEMedicine2854
=008  161201s2016\\\\xx\\\\\g\\\\\\s\\\\\eng\d
=035  \\$a(OCoLC)733445860
=040  \\$aVaAlASP$cVaAlASP
=100  1\$aDiallo,Jean-Simon
=245  12$aEx Vivo Infection of Live Tissue with Oncolytic Viruses$h[electronic resource]
=260  \\$aCambridge, MA$bMyJoVE Corp$c2016
=300  \\$aonline resource (728 seconds)
=490  0\$aMedicine
=500  \\$aTitle from resource description page
=520  \\$aOncolytic viruses are promising for cancer therapeutics. The ability to ascertain the infectability of live tissue specimens obtained from patients prior to treatment is a unique advantage of this therapeutic approach.  This protocol describes how to process  tissues for ex vivo infection with oncolytic virus and subsequent viral quantification.
=521  \\$aFor undergraduate, graduate, and professional students
=546  \\$aEnglish
=650  \0$aMedicine
=856  40$uhttps://www.jove.com/video/2854
=945  \\$aThe Whole World

