=LDR  00909ngm a2200000i 4500
=001  JoVEBiology2713
=008  161201s2016\\\\xx\\\\\g\\\\\\s\\\\\eng\d
=035  \\$a(OCoLC)733445860
=040  \\$aVaAlASP$cVaAlASP
=100  1\$aBhavsar,Rital B.
=245  12$aA System for Culturing Iris Pigment Epithelial Cells to Study Lens Regeneration in Newt$h[electronic resource]
=260  \\$aCambridge, MA$bMyJoVE Corp$c2016
=300  \\$aonline resource (416 seconds)
=490  0\$aBiology
=500  \\$aTitle from resource description page
=520  \\$aIn newt, the lens regenerates always from the dorsal iris by transdifferentiation of the iris pigmented epithelial cells (IPEs). Here we describe a procedure to culture dorsal and ventral newt IPE cells and their implantation to the newt eye. The implanted cells are then studied by tissue sectioning and immunohistochemistry.
=521  \\$aFor undergraduate, graduate, and professional students
=546  \\$aEnglish
=650  \0$aBiology
=856  40$uhttps://www.jove.com/video/2713
=945  \\$aThe Whole World

