=LDR  00760ngm a2200000i 4500
=001  JoVEMedicine2808
=008  161201s2016\\\\xx\\\\\g\\\\\\s\\\\\eng\d
=035  \\$a(OCoLC)733445860
=040  \\$aVaAlASP$cVaAlASP
=100  1\$aCho,Choi-Fong
=245  12$aEvaluation of Nanoparticle Uptake in Tumors in Real Time Using Intravital Imaging$h[electronic resource]
=260  \\$aCambridge, MA$bMyJoVE Corp$c2016
=300  \\$aonline resource (484 seconds)
=490  0\$aMedicine
=500  \\$aTitle from resource description page
=520  \\$aWe present a novel approach to quantify nanoparticle localization in the vasculature of human xenografted tumors using dynamic, real-time intravital imaging in an avian embryo model. 
=521  \\$aFor undergraduate, graduate, and professional students
=546  \\$aEnglish
=650  \0$aMedicine
=856  40$uhttps://www.jove.com/video/2808
=945  \\$aThe Whole World

