=LDR  00833ngm a2200000i 4500
=001  JoVEBiology3057
=008  161201s2016\\\\xx\\\\\g\\\\\\s\\\\\eng\d
=035  \\$a(OCoLC)733445860
=040  \\$aVaAlASP$cVaAlASP
=100  1\$aDobrovolny,Paige L.
=245  12$aOptimized PCR-based Detection of Mycoplasma$h[electronic resource]
=260  \\$aCambridge, MA$bMyJoVE Corp$c2016
=300  \\$aonline resource (361 seconds)
=490  0\$aBiology
=500  \\$aTitle from resource description page
=520  \\$aThe LookOut Mycoplasma PCR Detection Kit utilizes the polymerase chain reaction (PCR), which is established as the method of choice for highest sensitivity in the detection of Mycoplasma, Acholeplasma, and Ureaplasma contamination in cell cultures and other cell culture derived biologicals.
=521  \\$aFor undergraduate, graduate, and professional students
=546  \\$aEnglish
=650  \0$aBiology
=856  40$uhttps://www.jove.com/video/3057
=945  \\$aThe Whole World

