=LDR  00801ngm a2200000i 4500
=001  JoVEBiology3047
=008  161201s2016\\\\xx\\\\\g\\\\\\s\\\\\eng\d
=035  \\$a(OCoLC)733445860
=040  \\$aVaAlASP$cVaAlASP
=100  1\$aParsa,Soroush
=245  12$aCharacterizing Herbivore Resistance Mechanisms: Spittlebugs on Brachiaria spp. as an Example$h[electronic resource]
=260  \\$aCambridge, MA$bMyJoVE Corp$c2016
=300  \\$aonline resource (412 seconds)
=490  0\$aBiology
=500  \\$aTitle from resource description page
=520  \\$aThis video explains mechanisms of host plant resistance to herbivory and demonstrates a no-choice test that estimates the relative contributions of antibiosis and tolerance to spittlebug resistance in Brachiaria spp.
=521  \\$aFor undergraduate, graduate, and professional students
=546  \\$aEnglish
=650  \0$aBiology
=856  40$uhttps://www.jove.com/video/3047
=945  \\$aThe Whole World

