=LDR  00883ngm a2200000i 4500
=001  JoVEBiology3078
=008  161201s2016\\\\xx\\\\\g\\\\\\s\\\\\eng\d
=035  \\$a(OCoLC)733445860
=040  \\$aVaAlASP$cVaAlASP
=100  1\$aNorrby,Klas C.
=245  12$aRat Mesentery Angiogenesis Assay$h[electronic resource]
=260  \\$aCambridge, MA$bMyJoVE Corp$c2016
=300  \\$aonline resource (1110 seconds)
=490  0\$aBiology
=500  \\$aTitle from resource description page
=520  \\$aNormal adult vascularized mammalian tissue that lacks physiologic angiogenesis and that has not been exposed to surgical intervention is used to study: (i) the initiation and development of angiogenesis following intraperitoneal administration of test agents; and (ii) modification of angiogenesis following systemic administration of selected test agents.
=521  \\$aFor undergraduate, graduate, and professional students
=546  \\$aEnglish
=650  \0$aBiology
=856  40$uhttps://www.jove.com/video/3078
=945  \\$aThe Whole World

