=LDR  00857ngm a2200000i 4500
=001  JoVEMedicine2738
=008  161201s2016\\\\xx\\\\\g\\\\\\s\\\\\eng\d
=035  \\$a(OCoLC)733445860
=040  \\$aVaAlASP$cVaAlASP
=100  1\$aWrobleski,Shirley K.
=245  12$aMouse Complete Stasis Model of Inferior Vena Cava Thrombosis$h[electronic resource]
=260  \\$aCambridge, MA$bMyJoVE Corp$c2016
=300  \\$aonline resource (274 seconds)
=490  0\$aMedicine
=500  \\$aTitle from resource description page
=520  \\$aThe mouse complete stasis model of inferior vena cava thrombosis yields quantifiable amounts of vein wall tissue and thrombus.  It has proven useful for evaluating interactions between the vein wall and the occlusive thrombus and in assessing the progression from acute to chronic inflammation.
=521  \\$aFor undergraduate, graduate, and professional students
=546  \\$aEnglish
=650  \0$aMedicine
=856  40$uhttps://www.jove.com/video/2738
=945  \\$aThe Whole World

