=LDR  00706ngm a2200000i 4500
=001  JoVEMedicine2534
=008  161201s2016\\\\xx\\\\\g\\\\\\s\\\\\eng\d
=035  \\$a(OCoLC)733445860
=040  \\$aVaAlASP$cVaAlASP
=100  1\$aJulie,Gauthier
=245  12$aA Strategy to Identify de Novo Mutations in Common Disorders such as Autism and Schizophrenia$h[electronic resource]
=260  \\$aCambridge, MA$bMyJoVE Corp$c2016
=300  \\$aonline resource (352 seconds)
=490  0\$aMedicine
=500  \\$aTitle from resource description page
=520  \\$aMolecular genetic strategy for finding de novo mutations causing common disorders such as autism and schizophrenia. 
=521  \\$aFor undergraduate, graduate, and professional students
=546  \\$aEnglish
=650  \0$aMedicine
=856  40$uhttps://www.jove.com/video/2534
=945  \\$aThe Whole World

