=LDR  00737ngm a2200000i 4500
=001  JoVEMedicine2830
=008  161201s2016\\\\xx\\\\\g\\\\\\s\\\\\eng\d
=035  \\$a(OCoLC)733445860
=040  \\$aVaAlASP$cVaAlASP
=100  1\$aMerlini,Esther
=245  12$aSequencing of Bacterial Microflora in Peripheral Blood: our Experience with HIV-infected Patients$h[electronic resource]
=260  \\$aCambridge, MA$bMyJoVE Corp$c2016
=300  \\$aonline resource (830 seconds)
=490  0\$aMedicine
=500  \\$aTitle from resource description page
=520  \\$aOur experiment will show how to perform a sequencing analysis of bacterial species translocating in peripheral blood of HIV positive patients. 
=521  \\$aFor undergraduate, graduate, and professional students
=546  \\$aEnglish
=650  \0$aMedicine
=856  40$uhttps://www.jove.com/video/2830
=945  \\$aThe Whole World

