=LDR  01003ngm a2200000i 4500
=001  JoVEBiology2900
=008  161201s2016\\\\xx\\\\\g\\\\\\s\\\\\eng\d
=035  \\$a(OCoLC)733445860
=040  \\$aVaAlASP$cVaAlASP
=100  1\$aBagher,Pooneh
=245  12$aMicroiontophoresis and Micromanipulation for Intravital Fluorescence Imaging of the Microcirculation$h[electronic resource]
=260  \\$aCambridge, MA$bMyJoVE Corp$c2016
=300  \\$aonline resource (362 seconds)
=490  0\$aBiology
=500  \\$aTitle from resource description page
=520  \\$aMicroiontophoresis entails movement of ions from a micropipette in response to a difference in electrical potential between the inside and outside of the micropipette. Biologically active molecules are thereby delivered in proportion to electrical current. We illustrate acetylcholine microiontophoresis in conjunction with micromanipulation to study endothelium-dependent vasodilation in the microcirculation.
=521  \\$aFor undergraduate, graduate, and professional students
=546  \\$aEnglish
=650  \0$aBiology
=856  40$uhttps://www.jove.com/video/2900
=945  \\$aThe Whole World

