=LDR  00941ngm a2200000i 4500
=001  JoVEBiology2874
=008  161201s2016\\\\xx\\\\\g\\\\\\s\\\\\eng\d
=035  \\$a(OCoLC)733445860
=040  \\$aVaAlASP$cVaAlASP
=100  1\$aBagher,Pooneh
=245  12$aThe Mouse Cremaster Muscle Preparation for Intravital Imaging of the Microcirculation$h[electronic resource]
=260  \\$aCambridge, MA$bMyJoVE Corp$c2016
=300  \\$aonline resource (439 seconds)
=490  0\$aBiology
=500  \\$aTitle from resource description page
=520  \\$aA tissue preparation is described for visualization and experimental manipulation of the living microcirculation. In anesthetized male mice, the thin, highly vascularized cremaster muscle is prepared for intravital microscopy to study microvascular networks including arterioles, capillaries and venules. This preparation is readily adapted for rats and hamsters.
=521  \\$aFor undergraduate, graduate, and professional students
=546  \\$aEnglish
=650  \0$aBiology
=856  40$uhttps://www.jove.com/video/2874
=945  \\$aThe Whole World

