=LDR  00846ngm a2200000i 4500
=001  JoVEBiology2660
=008  161201s2016\\\\xx\\\\\g\\\\\\s\\\\\eng\d
=035  \\$a(OCoLC)733445860
=040  \\$aVaAlASP$cVaAlASP
=100  1\$aJohnson,Nicholas R.
=245  12$aHigh-Throughput Measurement and Classification of Organic P in Environmental Samples$h[electronic resource]
=260  \\$aCambridge, MA$bMyJoVE Corp$c2016
=300  \\$aonline resource (538 seconds)
=490  0\$aBiology
=500  \\$aTitle from resource description page
=520  \\$aThis protocol describes a high-throughput method of enzymatic hydrolysis that utilizes a microplate reader to measure and classify soil phosphorus as P monoesters, P diesters and inorganic P.  Up to 96 samples can be measured at one time in a standard laboratory.
=521  \\$aFor undergraduate, graduate, and professional students
=546  \\$aEnglish
=650  \0$aBiology
=856  40$uhttps://www.jove.com/video/2660
=945  \\$aThe Whole World

