=LDR  00975ngm a2200000i 4500
=001  JoVEMedicine2581
=008  161201s2016\\\\xx\\\\\g\\\\\\s\\\\\eng\d
=035  \\$a(OCoLC)733445860
=040  \\$aVaAlASP$cVaAlASP
=100  1\$aVirag,Jitka A.I.
=245  12$aCoronary Artery Ligation and Intramyocardial Injection in a Murine Model of Infarction$h[electronic resource]
=260  \\$aCambridge, MA$bMyJoVE Corp$c2016
=300  \\$aonline resource (461 seconds)
=490  0\$aMedicine
=500  \\$aTitle from resource description page
=520  \\$aNumerous genetic manipulations and/or intramyocardial injections of genes, proteins, cells, and/or biomaterials are superimposed upon the dimension of time in studies of acute ischemia/ reperfusion injury and chronic remodeling in mice.  This video illustrates the microsurgical procedures for ischemia/reperfusion, permanent coronary artery ligation, and intramyocardial injection studies.
=521  \\$aFor undergraduate, graduate, and professional students
=546  \\$aEnglish
=650  \0$aMedicine
=856  40$uhttps://www.jove.com/video/2581
=945  \\$aThe Whole World

