=LDR  00687ngm a2200000i 4500
=001  JoVEBiology2559
=008  161201s2016\\\\xx\\\\\g\\\\\\s\\\\\eng\d
=035  \\$a(OCoLC)733445860
=040  \\$aVaAlASP$cVaAlASP
=100  1\$aLynch,Maureen R.
=245  12$aModified ES / OP9 Co-Culture Protocol Provides Enhanced Characterization of Hematopoietic Progeny$h[electronic resource]
=260  \\$aCambridge, MA$bMyJoVE Corp$c2016
=300  \\$aonline resource (516 seconds)
=490  0\$aBiology
=500  \\$aTitle from resource description page
=520  \\$amStrawberry OP9 cells allow for complete evaluation of all ES-derived progeny from co-culture.
=521  \\$aFor undergraduate, graduate, and professional students
=546  \\$aEnglish
=650  \0$aBiology
=856  40$uhttps://www.jove.com/video/2559
=945  \\$aThe Whole World

