=LDR  00854ngm a2200000i 4500
=001  JoVEBiology2686
=008  161201s2016\\\\xx\\\\\g\\\\\\s\\\\\eng\d
=035  \\$a(OCoLC)733445860
=040  \\$aVaAlASP$cVaAlASP
=100  1\$aJiang,Hao
=245  12$aImaging Glycans in Zebrafish Embryos by Metabolic Labeling and Bioorthogonal Click Chemistry$h[electronic resource]
=260  \\$aCambridge, MA$bMyJoVE Corp$c2016
=300  \\$aonline resource (406 seconds)
=490  0\$aBiology
=500  \\$aTitle from resource description page
=520  \\$aA click-chemistry based method that allows for the rapid, noninvasive, and robust labeling of alkyne-tagged glycans in zebrafish embryos is described. Fucosylated glycans in the enveloping layer of zebrafish embryos in the late gastrulation stage were imaged in this study.
=521  \\$aFor undergraduate, graduate, and professional students
=546  \\$aEnglish
=650  \0$aBiology
=856  40$uhttps://www.jove.com/video/2686
=945  \\$aThe Whole World

