=LDR  00928ngm a2200000i 4500
=001  JoVEMedicine2068
=008  161201s2016\\\\xx\\\\\g\\\\\\s\\\\\eng\d
=035  \\$a(OCoLC)733445860
=040  \\$aVaAlASP$cVaAlASP
=100  1\$aKohut,Lauryn K.
=245  12$aFixed Volume or Fixed Pressure: A Murine Model of Hemorrhagic Shock$h[electronic resource]
=260  \\$aCambridge, MA$bMyJoVE Corp$c2016
=300  \\$aonline resource (991 seconds)
=490  0\$aMedicine
=500  \\$aTitle from resource description page
=520  \\$aThe Hemorrhagic Shock model has been a reliable and reproducible resource facilitating the identification and understanding of signaling cascades associated with inflammation and end-organ damage after trauma. This article provides a step-by-step description of surgical and mechanical aspects associated with the Hemorrhagic Shock experimental procedure in mice.
=521  \\$aFor undergraduate, graduate, and professional students
=546  \\$aEnglish
=650  \0$aMedicine
=856  40$uhttps://www.jove.com/video/2068
=945  \\$aThe Whole World

