=LDR  00892ngm a2200000i 4500
=001  JoVEBiology2703
=008  161201s2016\\\\xx\\\\\g\\\\\\s\\\\\eng\d
=035  \\$a(OCoLC)733445860
=040  \\$aVaAlASP$cVaAlASP
=100  1\$aMartyanov,Viktor
=245  12$aUsing SCOPE to Identify Potential Regulatory Motifs in Coregulated Genes$h[electronic resource]
=260  \\$aCambridge, MA$bMyJoVE Corp$c2016
=300  \\$aonline resource (475 seconds)
=490  0\$aBiology
=500  \\$aTitle from resource description page
=520  \\$aA straight-forward and robust method to identify potential regulatory motifs in co-regulated genes is presented. SCOPE does not require any user parameters and returns motifs that represent excellent candidates for regulatory signals. The identification of such regulatory signals helps to understand the underlying biology.
=521  \\$aFor undergraduate, graduate, and professional students
=546  \\$aEnglish
=650  \0$aBiology
=856  40$uhttps://www.jove.com/video/2703
=945  \\$aThe Whole World

