=LDR  00750ngm a2200000i 4500
=001  JoVEBiology2645
=008  161201s2016\\\\xx\\\\\g\\\\\\s\\\\\eng\d
=035  \\$a(OCoLC)733445860
=040  \\$aVaAlASP$cVaAlASP
=100  1\$aCook,Rita Nokes
=245  12$aAnalyzing the Function of Small GTPases by Microinjection of Plasmids into Polarized Epithelial Cells$h[electronic resource]
=260  \\$aCambridge, MA$bMyJoVE Corp$c2016
=300  \\$aonline resource (578 seconds)
=490  0\$aBiology
=500  \\$aTitle from resource description page
=520  \\$aThis article details the procedures involved in overexpression and analysis of small GTPases in polarized epithelial cells using microinjection technique.
=521  \\$aFor undergraduate, graduate, and professional students
=546  \\$aEnglish
=650  \0$aBiology
=856  40$uhttps://www.jove.com/video/2645
=945  \\$aThe Whole World

