=LDR  00741ngm a2200000i 4500
=001  JoVEMedicine2815
=008  161201s2016\\\\xx\\\\\g\\\\\\s\\\\\eng\d
=035  \\$a(OCoLC)733445860
=040  \\$aVaAlASP$cVaAlASP
=100  1\$aPalmer,Trenis D.
=245  12$aQuantitative Analysis of Cancer Metastasis using an Avian Embryo Model$h[electronic resource]
=260  \\$aCambridge, MA$bMyJoVE Corp$c2016
=300  \\$aonline resource (520 seconds)
=490  0\$aMedicine
=500  \\$aTitle from resource description page
=520  \\$aUsing quantitative PCR, we demonstrate how the well-established chick CAM model can be used to quantitatively analyze the metastasis of human tumor cells to distant organs.
=521  \\$aFor undergraduate, graduate, and professional students
=546  \\$aEnglish
=650  \0$aMedicine
=856  40$uhttps://www.jove.com/video/2815
=945  \\$aThe Whole World

