=LDR  00939ngm a2200000i 4500
=001  JoVEMedicine2712
=008  161201s2016\\\\xx\\\\\g\\\\\\s\\\\\eng\d
=035  \\$a(OCoLC)733445860
=040  \\$aVaAlASP$cVaAlASP
=100  1\$aArai,Tatsuya J.
=245  12$aMagnetic Resonance Imaging Quantification of Pulmonary Perfusion using Calibrated Arterial Spin Labeling$h[electronic resource]
=260  \\$aCambridge, MA$bMyJoVE Corp$c2016
=300  \\$aonline resource (749 seconds)
=490  0\$aMedicine
=500  \\$aTitle from resource description page
=520  \\$aA MR imaging method to study the distribution of pulmonary blood flow under a variety of physiological conditions, in this case exposure to three different inspired oxygen concentrations: hypoxia, normoxia, and hyperoxia, is described. This technique utilizes human pulmonary physiology research techniques in an MR scanning environment.
=521  \\$aFor undergraduate, graduate, and professional students
=546  \\$aEnglish
=650  \0$aMedicine
=856  40$uhttps://www.jove.com/video/2712
=945  \\$aThe Whole World

