=LDR  00938ngm a2200000i 4500
=001  JoVEBiology2627
=008  161201s2016\\\\xx\\\\\g\\\\\\s\\\\\eng\d
=035  \\$a(OCoLC)733445860
=040  \\$aVaAlASP$cVaAlASP
=100  1\$aRichards,Ryan
=245  12$aExamining the Conformational Dynamics of Membrane Proteins in situ with Site-directed Fluorescence Labeling$h[electronic resource]
=260  \\$aCambridge, MA$bMyJoVE Corp$c2016
=300  \\$aonline resource (715 seconds)
=490  0\$aBiology
=500  \\$aTitle from resource description page
=520  \\$aWe will describe a method which measures the kinetics of ion transport of membrane proteins alongside site-specific analysis of conformational changes using fluorescence on single cells. This technique is adaptable to ion channels, transporters and ion pumps and can be utilized to determine distance constraints between protein subunits.
=521  \\$aFor undergraduate, graduate, and professional students
=546  \\$aEnglish
=650  \0$aBiology
=856  40$uhttps://www.jove.com/video/2627
=945  \\$aThe Whole World

