=LDR  00673ngm a2200000i 4500
=001  JoVEBiology2701
=008  161201s2016\\\\xx\\\\\g\\\\\\s\\\\\eng\d
=035  \\$a(OCoLC)733445860
=040  \\$aVaAlASP$cVaAlASP
=100  1\$aChing,Tsui-Ting
=245  12$aSolid Plate-based Dietary Restriction in Caenorhabditis elegans$h[electronic resource]
=260  \\$aCambridge, MA$bMyJoVE Corp$c2016
=300  \\$aonline resource (373 seconds)
=490  0\$aBiology
=500  \\$aTitle from resource description page
=520  \\$aHere we present a protocol for performing solid plate-based dietary restriction in C. elegans with killed bacteria.
=521  \\$aFor undergraduate, graduate, and professional students
=546  \\$aEnglish
=650  \0$aBiology
=856  40$uhttps://www.jove.com/video/2701
=945  \\$aThe Whole World

