=LDR  00870ngm a2200000i 4500
=001  JoVEBiology2700
=008  161201s2016\\\\xx\\\\\g\\\\\\s\\\\\eng\d
=035  \\$a(OCoLC)733445860
=040  \\$aVaAlASP$cVaAlASP
=100  1\$aItoh,Keiji
=245  12$aPolarized Translocation of Fluorescent Proteins in Xenopus Ectoderm in Response to Wnt Signaling$h[electronic resource]
=260  \\$aCambridge, MA$bMyJoVE Corp$c2016
=300  \\$aonline resource (415 seconds)
=490  0\$aBiology
=500  \\$aTitle from resource description page
=520  \\$aXenopus embryonic ectoderm has become an attractive model for studies of cell polarity.  An assay is described, in which subcellular distribution of fluorescent proteins is assessed in ectoderm cells.  This protocol will help address questions related to spatial control of signaling.
=521  \\$aFor undergraduate, graduate, and professional students
=546  \\$aEnglish
=650  \0$aBiology
=856  40$uhttps://www.jove.com/video/2700
=945  \\$aThe Whole World

