=LDR  00930ngm a2200000i 4500
=001  JoVEBiology2721
=008  161201s2016\\\\xx\\\\\g\\\\\\s\\\\\eng\d
=035  \\$a(OCoLC)733445860
=040  \\$aVaAlASP$cVaAlASP
=100  1\$aJoce,Catherine
=245  12$aTransmembrane Domain Oligomerization Propensity determined by ToxR Assay$h[electronic resource]
=260  \\$aCambridge, MA$bMyJoVE Corp$c2016
=300  \\$aonline resource (405 seconds)
=490  0\$aBiology
=500  \\$aTitle from resource description page
=520  \\$aAn efficient procedure to assess the oligomerization propensity of single-pass transmembrane domains (TMDs) is described.  Chimeric proteins consisting of the TMD fused to ToxR are expressed in an E. coli reporter strain.  TMD-induced oligomerization causes dimerization of ToxR, activation of transcription and production of the reporter protein,  -galactosidase.
=521  \\$aFor undergraduate, graduate, and professional students
=546  \\$aEnglish
=650  \0$aBiology
=856  40$uhttps://www.jove.com/video/2721
=945  \\$aThe Whole World

