=LDR  00871ngm a2200000i 4500
=001  JoVEMedicine2692
=008  161201s2016\\\\xx\\\\\g\\\\\\s\\\\\eng\d
=035  \\$a(OCoLC)733445860
=040  \\$aVaAlASP$cVaAlASP
=100  1\$aSubhas,Gokulakkrishna
=245  12$aCreation of Reversible Cholestatic Rat Model$h[electronic resource]
=260  \\$aCambridge, MA$bMyJoVE Corp$c2016
=300  \\$aonline resource (579 seconds)
=490  0\$aMedicine
=500  \\$aTitle from resource description page
=520  \\$aCholestasis is a clinical condition commonly encountered by both surgeons and gastroenterologists. Creation of a reversible cholestatic rat model can be challenging in view of the smaller size and unique hepatopancreatobiliary anatomy in rats. This video article demonstrates the creation of a reversible cholestatic model.
=521  \\$aFor undergraduate, graduate, and professional students
=546  \\$aEnglish
=650  \0$aMedicine
=856  40$uhttps://www.jove.com/video/2692
=945  \\$aThe Whole World

