=LDR  00826ngm a2200000i 4500
=001  JoVEBiology2620
=008  161201s2016\\\\xx\\\\\g\\\\\\s\\\\\eng\d
=035  \\$a(OCoLC)733445860
=040  \\$aVaAlASP$cVaAlASP
=100  1\$aLi,Wenling
=245  12$aWhole-mount Immunohistochemical Analysis for Embryonic Limb Skin Vasculature: a Model System to Study Vascular Branching Morphogenesis in Embryo$h[electronic resource]
=260  \\$aCambridge, MA$bMyJoVE Corp$c2016
=300  \\$aonline resource (593 seconds)
=490  0\$aBiology
=500  \\$aTitle from resource description page
=520  \\$aWe introduce a whole-mount immunohistochemistry and laser scanning confocal microscopy with multiple labelling for analyzing intricate vascular network formation in mouse embryonic limb skin. 
=521  \\$aFor undergraduate, graduate, and professional students
=546  \\$aEnglish
=650  \0$aBiology
=856  40$uhttps://www.jove.com/video/2620
=945  \\$aThe Whole World

