=LDR  00790ngm a2200000i 4500
=001  JoVEBiology2572
=008  161201s2016\\\\xx\\\\\g\\\\\\s\\\\\eng\d
=035  \\$a(OCoLC)733445860
=040  \\$aVaAlASP$cVaAlASP
=100  1\$aTierney,Keith B.
=245  12$aSwimming Performance Assessment in Fishes$h[electronic resource]
=260  \\$aCambridge, MA$bMyJoVE Corp$c2016
=300  \\$aonline resource (312 seconds)
=490  0\$aBiology
=500  \\$aTitle from resource description page
=520  \\$aThe lives of the majority of fish are predicated on swimming.  This protocol describes techniques for capturing a range of swimming modes available to individual and schooling fish, and includes metrics associated with swimming physiology and behaviour.
=521  \\$aFor undergraduate, graduate, and professional students
=546  \\$aEnglish
=650  \0$aBiology
=856  40$uhttps://www.jove.com/video/2572
=945  \\$aThe Whole World

