=LDR  00867ngm a2200000i 4500
=001  JoVEBiology2745
=008  161201s2016\\\\xx\\\\\g\\\\\\s\\\\\eng\d
=035  \\$a(OCoLC)733445860
=040  \\$aVaAlASP$cVaAlASP
=100  1\$aLeung,Chi K.
=245  12$aHigh-throughput Screening and Biosensing with Fluorescent C. elegans Strains$h[electronic resource]
=260  \\$aCambridge, MA$bMyJoVE Corp$c2016
=300  \\$aonline resource (893 seconds)
=490  0\$aBiology
=500  \\$aTitle from resource description page
=520  \\$aA procedure for liquid-based culturing and dispensing of C. elegans strains expressing fluorescent reporter proteins is described that does not require expensive sorting equipment.  This approach can be applied to numerous inducible C. elegans genes for drug discovery or biosensing of contaminants.
=521  \\$aFor undergraduate, graduate, and professional students
=546  \\$aEnglish
=650  \0$aBiology
=856  40$uhttps://www.jove.com/video/2745
=945  \\$aThe Whole World

