=LDR  00850ngm a2200000i 4500
=001  JoVEBiology2725
=008  161201s2016\\\\xx\\\\\g\\\\\\s\\\\\eng\d
=035  \\$a(OCoLC)733445860
=040  \\$aVaAlASP$cVaAlASP
=100  1\$aDiep,Cuong Q.
=245  12$aTransplantation of Cells Directly into the Kidney of Adult Zebrafish$h[electronic resource]
=260  \\$aCambridge, MA$bMyJoVE Corp$c2016
=300  \\$aonline resource (364 seconds)
=490  0\$aBiology
=500  \\$aTitle from resource description page
=520  \\$aCell transplantation is an essential technique for studying tissue regeneration and for developing cell-based therapies of disease. We demonstrate here a microsurgical technique that permits the transplantation of genetically labeled cells directly into the kidney of adult zebrafish fish.
=521  \\$aFor undergraduate, graduate, and professional students
=546  \\$aEnglish
=650  \0$aBiology
=856  40$uhttps://www.jove.com/video/2725
=945  \\$aThe Whole World

