=LDR  00837ngm a2200000i 4500
=001  JoVEMedicine2778
=008  161201s2016\\\\xx\\\\\g\\\\\\s\\\\\eng\d
=035  \\$a(OCoLC)733445860
=040  \\$aVaAlASP$cVaAlASP
=100  1\$aIshikawa,Kiyotake
=245  12$aGene Transfer for Ischemic Heart Failure in a Preclinical Model$h[electronic resource]
=260  \\$aCambridge, MA$bMyJoVE Corp$c2016
=300  \\$aonline resource (455 seconds)
=490  0\$aMedicine
=500  \\$aTitle from resource description page
=520  \\$aA method of gene transfer for the treatment of ischemic heart failure is described using a swine model of myocardial infarction. Our simple and reproducible method enables us to readily evaluate the efficacy of various gene transfers with a very simple and reproducible way.
=521  \\$aFor undergraduate, graduate, and professional students
=546  \\$aEnglish
=650  \0$aMedicine
=856  40$uhttps://www.jove.com/video/2778
=945  \\$aThe Whole World

