=LDR  00970ngm a2200000i 4500
=001  JoVEMedicine3074
=008  161201s2016\\\\xx\\\\\g\\\\\\s\\\\\eng\d
=035  \\$a(OCoLC)733445860
=040  \\$aVaAlASP$cVaAlASP
=100  1\$aKuriki,Yusuke
=245  12$aCannulation of the Mouse Submandibular Salivary Gland via the Wharton's Duct$h[electronic resource]
=260  \\$aCambridge, MA$bMyJoVE Corp$c2016
=300  \\$aonline resource (318 seconds)
=490  0\$aMedicine
=500  \\$aTitle from resource description page
=520  \\$aA protocol for the cannulation of the mouse submandibular salivary gland via the Wharton's duct is described. For this experiment, the trypan blue solution is used as a dyer to demonstrate how this technique effectively delivers infusions into the targeted gland, and to suggest the reliability of this new approach as a potential clinical drug/cell therapy for the regeneration of salivary glands.
=521  \\$aFor undergraduate, graduate, and professional students
=546  \\$aEnglish
=650  \0$aMedicine
=856  40$uhttps://www.jove.com/video/3074
=945  \\$aThe Whole World

