=LDR  00901ngm a2200000i 4500
=001  JoVEBiology2641
=008  161201s2016\\\\xx\\\\\g\\\\\\s\\\\\eng\d
=035  \\$a(OCoLC)733445860
=040  \\$aVaAlASP$cVaAlASP
=100  1\$aZamore,Phillip D.
=245  12$aIsolation of Drosophila melanogaster Testes$h[electronic resource]
=260  \\$aCambridge, MA$bMyJoVE Corp$c2016
=300  \\$aonline resource (193 seconds)
=490  0\$aBiology
=500  \\$aTitle from resource description page
=520  \\$aDrosophila melanogaster testes can be rapidly and efficiently isolated from adult males using dissecting needles. With practice, one can readily isolate in one or two days an amount of testes sufficient for the analysis of DNA or RNA by high throughput sequencing or more traditional molecular biology methods or of protein for antibody- or enzyme-based assays.
=521  \\$aFor undergraduate, graduate, and professional students
=546  \\$aEnglish
=650  \0$aBiology
=856  40$uhttps://www.jove.com/video/2641
=945  \\$aThe Whole World

