=LDR  00867ngm a2200000i 4500
=001  JoVEBiology2537
=008  161201s2016\\\\xx\\\\\g\\\\\\s\\\\\eng\d
=035  \\$a(OCoLC)733445860
=040  \\$aVaAlASP$cVaAlASP
=100  1\$aMaimon,Iris
=245  12$aDissection and Staining of Drosophila Larval Ovaries$h[electronic resource]
=260  \\$aCambridge, MA$bMyJoVE Corp$c2016
=300  \\$aonline resource (460 seconds)
=490  0\$aBiology
=500  \\$aTitle from resource description page
=520  \\$aHow niches and stem cells form during development is an important question with practical implications. In the Drosophila ovary, germ line stem cells and their somatic niches form during larval development. This video demonstrates how to dissect, stain and mount female gonads from late third instar (LL3) Drosophila larvae.
=521  \\$aFor undergraduate, graduate, and professional students
=546  \\$aEnglish
=650  \0$aBiology
=856  40$uhttps://www.jove.com/video/2537
=945  \\$aThe Whole World

