=LDR  01009ngm a2200000i 4500
=001  JoVEMedicine2718
=008  161201s2016\\\\xx\\\\\g\\\\\\s\\\\\eng\d
=035  \\$a(OCoLC)733445860
=040  \\$aVaAlASP$cVaAlASP
=100  1\$aSherif,Camillo
=245  12$aMicrosurgical Venous Pouch Arterial-Bifurcation Aneurysms in the Rabbit Model: Technical Aspects$h[electronic resource]
=260  \\$aCambridge, MA$bMyJoVE Corp$c2016
=300  \\$aonline resource (454 seconds)
=490  0\$aMedicine
=500  \\$aTitle from resource description page
=520  \\$aAn optimized technique for the microsurgical creation of arterial bifurcation aneurysms mimicking bifurcation human cerebral aneurysms is described. A venous pouch is sutured into an artificially created true bifurcation of both common carotid arteries. Facilitated microsurgical techniques and aggressive postoperative anticoagulation and analgesia lead to minimized morbidity rates and high aneurysm patency rates.
=521  \\$aFor undergraduate, graduate, and professional students
=546  \\$aEnglish
=650  \0$aMedicine
=856  40$uhttps://www.jove.com/video/2718
=945  \\$aThe Whole World

