=LDR  00920ngm a2200000i 4500
=001  JoVEMedicine2782
=008  161201s2016\\\\xx\\\\\g\\\\\\s\\\\\eng\d
=035  \\$a(OCoLC)733445860
=040  \\$aVaAlASP$cVaAlASP
=100  1\$aLovering,Richard M.
=245  12$aAn in vivo Rodent Model of Contraction-induced Injury and Non-invasive Monitoring of Recovery$h[electronic resource]
=260  \\$aCambridge, MA$bMyJoVE Corp$c2016
=300  \\$aonline resource (488 seconds)
=490  0\$aMedicine
=500  \\$aTitle from resource description page
=520  \\$aAn in vivo animal model of injury is described.  The method takes advantage of the subcutaneous position of the fibular nerve.  Velocity, timing of muscle activation, and arc of motion are all pre-determined and synchronized using commercial software.  Post injury changes are monitored in vivo using MR imaging/spectroscopy.
=521  \\$aFor undergraduate, graduate, and professional students
=546  \\$aEnglish
=650  \0$aMedicine
=856  40$uhttps://www.jove.com/video/2782
=945  \\$aThe Whole World

