=LDR  00872ngm a2200000i 4500
=001  JoVEBiology2728
=008  161201s2016\\\\xx\\\\\g\\\\\\s\\\\\eng\d
=035  \\$a(OCoLC)733445860
=040  \\$aVaAlASP$cVaAlASP
=100  1\$aFotheringham,Susan
=245  12$aEx Vivo Culture of Primary Human Fallopian Tube Epithelial Cells$h[electronic resource]
=260  \\$aCambridge, MA$bMyJoVE Corp$c2016
=300  \\$aonline resource (706 seconds)
=490  0\$aBiology
=500  \\$aTitle from resource description page
=520  \\$aThe fallopian tube (FT) is emerging as an alternative site of origin for serous ovarian carcinoma (SOC).  This protocol describes a novel method for the isolation and ex vivo culture of fallopian tube epithelial cells.  This system recapitulates the in vivo epithelium and allows the study of SOC pathogenesis.
=521  \\$aFor undergraduate, graduate, and professional students
=546  \\$aEnglish
=650  \0$aBiology
=856  40$uhttps://www.jove.com/video/2728
=945  \\$aThe Whole World

