=LDR  00825ngm a2200000i 4500
=001  JoVEBiology2663
=008  161201s2016\\\\xx\\\\\g\\\\\\s\\\\\eng\d
=035  \\$a(OCoLC)733445860
=040  \\$aVaAlASP$cVaAlASP
=100  1\$aPrakash,Ashwin
=245  12$aGenomic MRI - a Public Resource for Studying Sequence Patterns within Genomic DNA$h[electronic resource]
=260  \\$aCambridge, MA$bMyJoVE Corp$c2016
=300  \\$aonline resource (756 seconds)
=490  0\$aBiology
=500  \\$aTitle from resource description page
=520  \\$aWe present a public computational web site for the analysis of genomic sequences.  It detects DNA sequence patterns with various non-random nucleotide compositions.  This resource also generates randomized sequences with diverse levels of complexity.
=521  \\$aFor undergraduate, graduate, and professional students
=546  \\$aEnglish
=650  \0$aBiology
=856  40$uhttps://www.jove.com/video/2663
=945  \\$aThe Whole World

