=LDR  00883ngm a2200000i 4500
=001  JoVEMedicine2879
=008  161201s2016\\\\xx\\\\\g\\\\\\s\\\\\eng\d
=035  \\$a(OCoLC)733445860
=040  \\$aVaAlASP$cVaAlASP
=100  1\$aAnsari,Saeed
=245  12$aIntraluminal Middle Cerebral Artery Occlusion (MCAO) Model for Ischemic Stroke with Laser Doppler Flowmetry Guidance in Mice$h[electronic resource]
=260  \\$aCambridge, MA$bMyJoVE Corp$c2016
=300  \\$aonline resource (781 seconds)
=490  0\$aMedicine
=500  \\$aTitle from resource description page
=520  \\$aThe intraluminal middle cerebral artery occlusion (MCAO) model is the most frequent used model among experimental ischemic stroke models. Here we will demonstrate the entire model in detail with the guide of Laser Doppler flowmetry, and its representative results.
=521  \\$aFor undergraduate, graduate, and professional students
=546  \\$aEnglish
=650  \0$aMedicine
=856  40$uhttps://www.jove.com/video/2879
=945  \\$aThe Whole World

