=LDR  00629ngm a2200000i 4500
=001  JoVEMedicine2860
=008  161201s2016\\\\xx\\\\\g\\\\\\s\\\\\eng\d
=035  \\$a(OCoLC)733445860
=040  \\$aVaAlASP$cVaAlASP
=100  1\$aToscano,Miguel G.
=245  12$aCecal Ligation Puncture Procedure$h[electronic resource]
=260  \\$aCambridge, MA$bMyJoVE Corp$c2016
=300  \\$aonline resource (713 seconds)
=490  0\$aMedicine
=500  \\$aTitle from resource description page
=520  \\$aThe mouse model of cecal ligation and puncture as a valuable tool for the study of human sepsis.
=521  \\$aFor undergraduate, graduate, and professional students
=546  \\$aEnglish
=650  \0$aMedicine
=856  40$uhttps://www.jove.com/video/2860
=945  \\$aThe Whole World

