=LDR  00838ngm a2200000i 4500
=001  JoVEBiology2680
=008  161201s2016\\\\xx\\\\\g\\\\\\s\\\\\eng\d
=035  \\$a(OCoLC)733445860
=040  \\$aVaAlASP$cVaAlASP
=100  1\$aKabbage,Mehdi
=245  12$aA β-glucuronidase (GUS) Based Cell Death Assay$h[electronic resource]
=260  \\$aCambridge, MA$bMyJoVE Corp$c2016
=300  \\$aonline resource (455 seconds)
=490  0\$aBiology
=500  \\$aTitle from resource description page
=520  \\$aProgrammed cell death assays commonly used in mammalian systems such as DNA laddering or TUNEL assays, are often difficult to reproduce in plants. In combination with a GUS reporter system, we propose a rapid, plant based transient assay to analyze the potential death properties of specific genes.
=521  \\$aFor undergraduate, graduate, and professional students
=546  \\$aEnglish
=650  \0$aBiology
=856  40$uhttps://www.jove.com/video/2680
=945  \\$aThe Whole World

