=LDR  00923ngm a2200000i 4500
=001  JoVEMedicine2679
=008  161201s2016\\\\xx\\\\\g\\\\\\s\\\\\eng\d
=035  \\$a(OCoLC)733445860
=040  \\$aVaAlASP$cVaAlASP
=100  1\$aHerman,Cila
=245  12$aQuantitative Visualization and Detection of Skin Cancer Using Dynamic Thermal Imaging$h[electronic resource]
=260  \\$aCambridge, MA$bMyJoVE Corp$c2016
=300  \\$aonline resource (368 seconds)
=490  0\$aMedicine
=500  \\$aTitle from resource description page
=520  \\$aWe demonstrated that malignant pigmented lesions with increased metabolic activity generate quantifiable amounts of heat and the measurement of the transient thermal response of the skin to a cooling excitation allows quantitative identification of melanoma and other skin cancers (vs. non-proliferative nevi) at an early stage of the disease. 
=521  \\$aFor undergraduate, graduate, and professional students
=546  \\$aEnglish
=650  \0$aMedicine
=856  40$uhttps://www.jove.com/video/2679
=945  \\$aThe Whole World

