=LDR  00825ngm a2200000i 4500
=001  JoVEMedicine2525
=008  161201s2016\\\\xx\\\\\g\\\\\\s\\\\\eng\d
=035  \\$a(OCoLC)733445860
=040  \\$aVaAlASP$cVaAlASP
=100  1\$aKoeppen,Michael
=245  12$aPressure Controlled Ventilation to Induce Acute Lung Injury in Mice$h[electronic resource]
=260  \\$aCambridge, MA$bMyJoVE Corp$c2016
=300  \\$aonline resource (475 seconds)
=490  0\$aMedicine
=500  \\$aTitle from resource description page
=520  \\$aA murine model for ventilator induced lung injury is an important tool to study an acute lung injury in vivo. Here, we report an easy applicable in situ model for acute lung injury using high-pressure mechanical ventilation to induce acute failure of the lung.
=521  \\$aFor undergraduate, graduate, and professional students
=546  \\$aEnglish
=650  \0$aMedicine
=856  40$uhttps://www.jove.com/video/2525
=945  \\$aThe Whole World

