=LDR  00905ngm a2200000i 4500
=001  JoVEBiology2638
=008  161201s2016\\\\xx\\\\\g\\\\\\s\\\\\eng\d
=035  \\$a(OCoLC)733445860
=040  \\$aVaAlASP$cVaAlASP
=100  1\$aKonig,Julian
=245  12$aiCLIP - Transcriptome-wide Mapping of Protein-RNA Interactions with Individual Nucleotide Resolution$h[electronic resource]
=260  \\$aCambridge, MA$bMyJoVE Corp$c2016
=300  \\$aonline resource (645 seconds)
=490  0\$aBiology
=500  \\$aTitle from resource description page
=520  \\$aThe spatial arrangement of RNA-binding proteins on a transcript is a key determinant of post-transcriptional regulation. Therefore, we developed individual-nucleotide resolution UV crosslinking and immunoprecipitation (iCLIP) that allows precise genome-wide mapping of the binding sites of an RNA-binding protein.
=521  \\$aFor undergraduate, graduate, and professional students
=546  \\$aEnglish
=650  \0$aBiology
=856  40$uhttps://www.jove.com/video/2638
=945  \\$aThe Whole World

