=LDR  00905ngm a2200000i 4500
=001  JoVEBiology2690
=008  161201s2016\\\\xx\\\\\g\\\\\\s\\\\\eng\d
=035  \\$a(OCoLC)733445860
=040  \\$aVaAlASP$cVaAlASP
=100  1\$aVanderpool,Rebecca R.
=245  12$aCharacterization of the Isolated, Ventilated, and Instrumented Mouse Lung Perfused with Pulsatile Flow$h[electronic resource]
=260  \\$aCambridge, MA$bMyJoVE Corp$c2016
=300  \\$aonline resource (602 seconds)
=490  0\$aBiology
=500  \\$aTitle from resource description page
=520  \\$aThe following protocol outlines the process of isolating, ventilating and instrumenting mouse lungs to measure steady or pulsatile pulmonary vascular pressure-flow relationships in order to quantify the effects of blood flow, airflow, airway changes and vascular changes on right ventricular afterload.
=521  \\$aFor undergraduate, graduate, and professional students
=546  \\$aEnglish
=650  \0$aBiology
=856  40$uhttps://www.jove.com/video/2690
=945  \\$aThe Whole World

