=LDR  00805ngm a2200000i 4500
=001  JoVEBiology2672
=008  161201s2016\\\\xx\\\\\g\\\\\\s\\\\\eng\d
=035  \\$a(OCoLC)733445860
=040  \\$aVaAlASP$cVaAlASP
=100  1\$aClanton,Joshua A.
=245  12$aLineage Labeling of Zebrafish Cells with Laser Uncagable Fluorescein Dextran$h[electronic resource]
=260  \\$aCambridge, MA$bMyJoVE Corp$c2016
=300  \\$aonline resource (455 seconds)
=490  0\$aBiology
=500  \\$aTitle from resource description page
=520  \\$aThis protocol delineates a way to label and trace the fate of small groups of cells zebrafish embryos using UV-uncaging of caged fluorescein, followed by whole mount immunolabeling to amplify the signal from the uncaged fluorescein.
=521  \\$aFor undergraduate, graduate, and professional students
=546  \\$aEnglish
=650  \0$aBiology
=856  40$uhttps://www.jove.com/video/2672
=945  \\$aThe Whole World

