=LDR  00942ngm a2200000i 4500
=001  JoVEBiology2657
=008  161201s2016\\\\xx\\\\\g\\\\\\s\\\\\eng\d
=035  \\$a(OCoLC)733445860
=040  \\$aVaAlASP$cVaAlASP
=100  1\$aBieberich,Erhard
=245  12$aLipid Vesicle-mediated Affinity Chromatography using Magnetic Activated Cell Sorting (LIMACS): a Novel Method to Analyze Protein-lipid Interaction$h[electronic resource]
=260  \\$aCambridge, MA$bMyJoVE Corp$c2016
=300  \\$aonline resource (453 seconds)
=490  0\$aBiology
=500  \\$aTitle from resource description page
=520  \\$aTo test the interaction of a protein with its target lipid we used MACS and Annexin V-conjugated magnetic beads and lipid vesicles synthesized from the target lipid and Annexin V-binding phosphatidylserine. Proteins bound to the target lipid are co-purified and analyzed after elution from the beads.
=521  \\$aFor undergraduate, graduate, and professional students
=546  \\$aEnglish
=650  \0$aBiology
=856  40$uhttps://www.jove.com/video/2657
=945  \\$aThe Whole World

