=LDR  00986ngm a2200000i 4500
=001  JoVEBiology2593
=008  161201s2016\\\\xx\\\\\g\\\\\\s\\\\\eng\d
=035  \\$a(OCoLC)733445860
=040  \\$aVaAlASP$cVaAlASP
=100  1\$aDai,Bo
=245  12$aDetection of Post-translational Modifications on Native Intact Nucleosomes by ELISA$h[electronic resource]
=260  \\$aCambridge, MA$bMyJoVE Corp$c2016
=300  \\$aonline resource (433 seconds)
=490  0\$aBiology
=500  \\$aTitle from resource description page
=520  \\$aNucleosome ELISA (NU-ELISA) is a sensitive and quantitative method to detect global patterns of post-translational modifications in preparations of native, intact nucleosomes.  These modifications include methylations, acetylations, and phosphorylations at specific histone amino acid residues, and hence NU-ELISA provides a global proteomic assay of the overall chromatin modification states of specific cell types. 
=521  \\$aFor undergraduate, graduate, and professional students
=546  \\$aEnglish
=650  \0$aBiology
=856  40$uhttps://www.jove.com/video/2593
=945  \\$aThe Whole World

