=LDR  00847ngm a2200000i 4500
=001  JoVEBiology2597
=008  161201s2016\\\\xx\\\\\g\\\\\\s\\\\\eng\d
=035  \\$a(OCoLC)733445860
=040  \\$aVaAlASP$cVaAlASP
=100  1\$aRieger,Aja M.
=245  12$aModified Annexin V/Propidium Iodide Apoptosis Assay For Accurate Assessment of Cell Death$h[electronic resource]
=260  \\$aCambridge, MA$bMyJoVE Corp$c2016
=300  \\$aonline resource (454 seconds)
=490  0\$aBiology
=500  \\$aTitle from resource description page
=520  \\$aAn accurate method for the assessment of cell death is described. The protocol improves upon conventional Annexin V/ propidium iodide (PI) protocols, which display up to 40% false- positive events in cell lines and primary cells from a broad range of animal models.
=521  \\$aFor undergraduate, graduate, and professional students
=546  \\$aEnglish
=650  \0$aBiology
=856  40$uhttps://www.jove.com/video/2597
=945  \\$aThe Whole World

