=LDR  00865ngm a2200000i 4500
=001  JoVEBiology2621
=008  161201s2016\\\\xx\\\\\g\\\\\\s\\\\\eng\d
=035  \\$a(OCoLC)733445860
=040  \\$aVaAlASP$cVaAlASP
=100  1\$aLing,Jianqun
=245  12$aAssociated Chromosome Trap for Identifying Long-range DNA Interactions$h[electronic resource]
=260  \\$aCambridge, MA$bMyJoVE Corp$c2016
=300  \\$aonline resource (889 seconds)
=490  0\$aBiology
=500  \\$aTitle from resource description page
=520  \\$aThe associated chromosome trap (ACT) assay is a novel unbiased method for identifying long-range DNA interactions. The characterization of long range DNA interactions will allow us to determine the relationship of nuclear architecture to gene expression in both normal physiology and in diseased states.
=521  \\$aFor undergraduate, graduate, and professional students
=546  \\$aEnglish
=650  \0$aBiology
=856  40$uhttps://www.jove.com/video/2621
=945  \\$aThe Whole World

