=LDR  00893ngm a2200000i 4500
=001  JoVEBiology2656
=008  161201s2016\\\\xx\\\\\g\\\\\\s\\\\\eng\d
=035  \\$a(OCoLC)733445860
=040  \\$aVaAlASP$cVaAlASP
=100  1\$aAo,Ada
=245  12$aModified Mouse Embryonic Stem Cell based Assay for Quantifying  Cardiogenic Induction Efficiency$h[electronic resource]
=260  \\$aCambridge, MA$bMyJoVE Corp$c2016
=300  \\$aonline resource (488 seconds)
=490  0\$aBiology
=500  \\$aTitle from resource description page
=520  \\$aWe describe the use of a mouse ES cell based assay to identify critical time windows for Wnt/β-catenin and BMP signal activation during cardiogenic induction.  The method provides a standardized platform that reliably quantifies cardiogenic efficiency, and it is applicable to the study of other cell lineages.
=521  \\$aFor undergraduate, graduate, and professional students
=546  \\$aEnglish
=650  \0$aBiology
=856  40$uhttps://www.jove.com/video/2656
=945  \\$aThe Whole World

