=LDR  01009ngm a2200000i 4500
=001  JoVEBiology2555
=008  161201s2016\\\\xx\\\\\g\\\\\\s\\\\\eng\d
=035  \\$a(OCoLC)733445860
=040  \\$aVaAlASP$cVaAlASP
=100  1\$aBrown,Aaron C.
=245  12$aIsolation and Culture of Cells from the Nephrogenic Zone of the Embryonic Mouse Kidney$h[electronic resource]
=260  \\$aCambridge, MA$bMyJoVE Corp$c2016
=300  \\$aonline resource (486 seconds)
=490  0\$aBiology
=500  \\$aTitle from resource description page
=520  \\$aIn this report we describe a method for the isolation and culture of the progenitor cell niche from the embryonic mouse kidney that can be used to study signaling pathways regulating stem/progenitor cells of the developing kidney. These cultured cells are highly accessible to small molecule and recombinant protein treatment, and importantly also to viral transduction, which allows efficient manipulation of candidate pathways.
=521  \\$aFor undergraduate, graduate, and professional students
=546  \\$aEnglish
=650  \0$aBiology
=856  40$uhttps://www.jove.com/video/2555
=945  \\$aThe Whole World

