=LDR  00809ngm a2200000i 4500
=001  JoVEBiology2560
=008  161201s2016\\\\xx\\\\\g\\\\\\s\\\\\eng\d
=035  \\$a(OCoLC)733445860
=040  \\$aVaAlASP$cVaAlASP
=100  1\$aLiu,Yen-Chun
=245  12$aEfficient Polyethylene Glycol (PEG) Mediated Transformation of the Moss Physcomitrella patens$h[electronic resource]
=260  \\$aCambridge, MA$bMyJoVE Corp$c2016
=300  \\$aonline resource (294 seconds)
=490  0\$aBiology
=500  \\$aTitle from resource description page
=520  \\$aA simple and efficient method to transform Physcomitrella pantens protoplasts is described. This method is adapted from protocols for Physocmitrella protonemal protoplast and Arabidopsis mesophyll protoplast transformation1.
=521  \\$aFor undergraduate, graduate, and professional students
=546  \\$aEnglish
=650  \0$aBiology
=856  40$uhttps://www.jove.com/video/2560
=945  \\$aThe Whole World

