=LDR  00819ngm a2200000i 4500
=001  JoVEMedicine2526
=008  161201s2016\\\\xx\\\\\g\\\\\\s\\\\\eng\d
=035  \\$a(OCoLC)733445860
=040  \\$aVaAlASP$cVaAlASP
=100  1\$aEckle,Tobias
=245  12$aUse of a Hanging Weight System for Coronary Artery Occlusion in Mice$h[electronic resource]
=260  \\$aCambridge, MA$bMyJoVE Corp$c2016
=300  \\$aonline resource (510 seconds)
=490  0\$aMedicine
=500  \\$aTitle from resource description page
=520  \\$aA murine model for myocardial ischemia and ischemic preconditioning is an important tool study cardioprotective mechanisms in vivo. Here, we report an easy applicable in situ model for cardiac IP using a hanging-weight system for coronary artery occlusion.
=521  \\$aFor undergraduate, graduate, and professional students
=546  \\$aEnglish
=650  \0$aMedicine
=856  40$uhttps://www.jove.com/video/2526
=945  \\$aThe Whole World

