=LDR  00864ngm a2200000i 4500
=001  JoVEMedicine2148
=008  161201s2016\\\\xx\\\\\g\\\\\\s\\\\\eng\d
=035  \\$a(OCoLC)733445860
=040  \\$aVaAlASP$cVaAlASP
=100  1\$aThompson,Christopher K.
=245  12$aMethods to Quantify Pharmacologically Induced Alterations in Motor Function in Human Incomplete SCI$h[electronic resource]
=260  \\$aCambridge, MA$bMyJoVE Corp$c2016
=300  \\$aonline resource (895 seconds)
=490  0\$aMedicine
=500  \\$aTitle from resource description page
=520  \\$aThis video demonstrates modulation of reflex activity, volitional strength and ambulation through clinical and quantitative assessments in individuals with motor incomplete SCI as a result of acute oral administration of a serotonin reuptake inhibitor (SSRI).
=521  \\$aFor undergraduate, graduate, and professional students
=546  \\$aEnglish
=650  \0$aMedicine
=856  40$uhttps://www.jove.com/video/2148
=945  \\$aThe Whole World

