=LDR  00873ngm a2200000i 4500
=001  JoVEMedicine2074
=008  161201s2016\\\\xx\\\\\g\\\\\\s\\\\\eng\d
=035  \\$a(OCoLC)733445860
=040  \\$aVaAlASP$cVaAlASP
=100  1\$aDarwiche,Sophie S.
=245  12$aPseudofracture: An Acute Peripheral Tissue Trauma Model$h[electronic resource]
=260  \\$aCambridge, MA$bMyJoVE Corp$c2016
=300  \\$aonline resource (608 seconds)
=490  0\$aMedicine
=500  \\$aTitle from resource description page
=520  \\$aPseudofracture, a reproducible murine model of sterile musculoskeletal trauma, allows for evaluation of late term post-traumatic immune responses. This article describes the procedural execution of the model step by step, including the potential for experimental model combinations to permit study of multiple trauma.
=521  \\$aFor undergraduate, graduate, and professional students
=546  \\$aEnglish
=650  \0$aMedicine
=856  40$uhttps://www.jove.com/video/2074
=945  \\$aThe Whole World

