=LDR  00811ngm a2200000i 4500
=001  JoVEBiology2643
=008  161201s2016\\\\xx\\\\\g\\\\\\s\\\\\eng\d
=035  \\$a(OCoLC)733445860
=040  \\$aVaAlASP$cVaAlASP
=100  1\$aWong,Katy A.
=245  12$aBimolecular Fluorescence Complementation$h[electronic resource]
=260  \\$aCambridge, MA$bMyJoVE Corp$c2016
=300  \\$aonline resource (534 seconds)
=490  0\$aBiology
=500  \\$aTitle from resource description page
=520  \\$aThe subcellular localization of proteins is important in determining the spatio-temporal regulation of cell signaling. Here, we describe bimolecular fluorescence complementation (BiFC) as a straightforward method for monitoring the spatial interactions of proteins in the cell.  
=521  \\$aFor undergraduate, graduate, and professional students
=546  \\$aEnglish
=650  \0$aBiology
=856  40$uhttps://www.jove.com/video/2643
=945  \\$aThe Whole World

