=LDR  00859ngm a2200000i 4500
=001  JoVEBiology2602
=008  161201s2016\\\\xx\\\\\g\\\\\\s\\\\\eng\d
=035  \\$a(OCoLC)733445860
=040  \\$aVaAlASP$cVaAlASP
=100  1\$aGetun,Irina V.
=245  12$aFlow Cytometry Purification of Mouse Meiotic Cells$h[electronic resource]
=260  \\$aCambridge, MA$bMyJoVE Corp$c2016
=300  \\$aonline resource (644 seconds)
=490  0\$aBiology
=500  \\$aTitle from resource description page
=520  \\$aAn efficient method to obtain highly purified viable meiotic fractions from mouse testis is described, which combines a refined cell dissociation protocol with fluorescent activated cell sorting (FACS). This method takes advantage of differences in the DNA content and nuclear density of discrete meiotic fractions.
=521  \\$aFor undergraduate, graduate, and professional students
=546  \\$aEnglish
=650  \0$aBiology
=856  40$uhttps://www.jove.com/video/2602
=945  \\$aThe Whole World

