=LDR  00843ngm a2200000i 4500
=001  JoVEMedicine2775
=008  161201s2016\\\\xx\\\\\g\\\\\\s\\\\\eng\d
=035  \\$a(OCoLC)733445860
=040  \\$aVaAlASP$cVaAlASP
=100  1\$aLim,Ed
=245  12$aMonitoring Tumor Metastases and Osteolytic Lesions with Bioluminescence and Micro CT Imaging$h[electronic resource]
=260  \\$aCambridge, MA$bMyJoVE Corp$c2016
=300  \\$aonline resource (484 seconds)
=490  0\$aMedicine
=500  \\$aTitle from resource description page
=520  \\$aAn experimental mouse model of bone metastasis was established following intracardiac delivery of luciferase expressing mammary tumor cells. Tumor development and resulted osteolytic lesion were monitored longitudinally with bioluminescence and micro CT imaging.
=521  \\$aFor undergraduate, graduate, and professional students
=546  \\$aEnglish
=650  \0$aMedicine
=856  40$uhttps://www.jove.com/video/2775
=945  \\$aThe Whole World

