=LDR  00798ngm a2200000i 4500
=001  JoVEMedicine2096
=008  161201s2016\\\\xx\\\\\g\\\\\\s\\\\\eng\d
=035  \\$a(OCoLC)733445860
=040  \\$aVaAlASP$cVaAlASP
=100  1\$aZmuda,Erik J.
=245  12$aA Method for Murine Islet Isolation and Subcapsular Kidney Transplantation$h[electronic resource]
=260  \\$aCambridge, MA$bMyJoVE Corp$c2016
=300  \\$aonline resource (1062 seconds)
=490  0\$aMedicine
=500  \\$aTitle from resource description page
=520  \\$aTransplantation of isolated islets has been proposed to be a potential treatment for type 1 diabetes.  Here we describe a method to isolate islets from mouse pancreata and transplant them to the subcapsular space of the kidney.
=521  \\$aFor undergraduate, graduate, and professional students
=546  \\$aEnglish
=650  \0$aMedicine
=856  40$uhttps://www.jove.com/video/2096
=945  \\$aThe Whole World

