=LDR  00946ngm a2200000i 4500
=001  JoVEMedicine2632
=008  161201s2016\\\\xx\\\\\g\\\\\\s\\\\\eng\d
=035  \\$a(OCoLC)733445860
=040  \\$aVaAlASP$cVaAlASP
=100  1\$aCiesla,Nancy
=245  12$aManual Muscle Testing:  A Method of Measuring Extremity Muscle Strength Applied to Critically Ill Patients $h[electronic resource]
=260  \\$aCambridge, MA$bMyJoVE Corp$c2016
=300  \\$aonline resource (584 seconds)
=490  0\$aMedicine
=500  \\$aTitle from resource description page
=520  \\$aSurvivors of acute respiratory distress syndrome (ARDS) and critical illness frequently develop long-lasting muscle weakness. Manual muscle testing (MMT) is a standardized clinical examination commonly used to measure strength of peripheral skeletal muscle groups.  This video demonstrates MMT using the 6-point  Medical Research Council scale.
=521  \\$aFor undergraduate, graduate, and professional students
=546  \\$aEnglish
=650  \0$aMedicine
=856  40$uhttps://www.jove.com/video/2632
=945  \\$aThe Whole World

