=LDR  00892ngm a2200000i 4500
=001  JoVEBiology2477
=008  161201s2016\\\\xx\\\\\g\\\\\\s\\\\\eng\d
=035  \\$a(OCoLC)733445860
=040  \\$aVaAlASP$cVaAlASP
=100  1\$aIordanou,Ekaterini
=245  12$aRNAi Interference by dsRNA Injection into Drosophila Embryos$h[electronic resource]
=260  \\$aCambridge, MA$bMyJoVE Corp$c2016
=300  \\$aonline resource (510 seconds)
=490  0\$aBiology
=500  \\$aTitle from resource description page
=520  \\$aRNA interference has been proven very effective to analyze gene function in Drosophila tracheal development. A detailed protocol used by Jiang lab to inject dsRNA into fly embryos to knockdown gene expression is illustrated. This technique has the potential for screening genes required for tissue and organ development in Drosophila.
=521  \\$aFor undergraduate, graduate, and professional students
=546  \\$aEnglish
=650  \0$aBiology
=856  40$uhttps://www.jove.com/video/2477
=945  \\$aThe Whole World

