=LDR  00921ngm a2200000i 4500
=001  JoVEBiology2529
=008  161201s2016\\\\xx\\\\\g\\\\\\s\\\\\eng\d
=035  \\$a(OCoLC)733445860
=040  \\$aVaAlASP$cVaAlASP
=100  1\$aFreiburger,Lee A.
=245  12$aCollecting Variable-concentration Isothermal Titration Calorimetry Datasets in Order to Determine Binding Mechanisms$h[electronic resource]
=260  \\$aCambridge, MA$bMyJoVE Corp$c2016
=300  \\$aonline resource (604 seconds)
=490  0\$aBiology
=500  \\$aTitle from resource description page
=520  \\$aITC is a powerful tool for studying the binding of a ligand to its host. In complex systems however, several models may fit the data equally well. The method described here provides a means to elucidate the appropriate binding model for complex systems and extract the corresponding thermodynamic parameters.
=521  \\$aFor undergraduate, graduate, and professional students
=546  \\$aEnglish
=650  \0$aBiology
=856  40$uhttps://www.jove.com/video/2529
=945  \\$aThe Whole World

