=LDR  00867ngm a2200000i 4500
=001  JoVEMedicine2726
=008  161201s2016\\\\xx\\\\\g\\\\\\s\\\\\eng\d
=035  \\$a(OCoLC)733445860
=040  \\$aVaAlASP$cVaAlASP
=100  1\$aBealer,Steven L.
=245  12$aMethods for ECG Evaluation of Indicators of Cardiac Risk, and Susceptibility to Aconitine-induced Arrhythmias in Rats Following Status Epilepticus$h[electronic resource]
=260  \\$aCambridge, MA$bMyJoVE Corp$c2016
=300  \\$aonline resource (508 seconds)
=490  0\$aMedicine
=500  \\$aTitle from resource description page
=520  \\$aTechniques for measurement of electrical activity of the heart by electrocardiogram (ECG), and analysis of cardiac risk factors and susceptibility to arrhythmias following status epilepticus (SE) in the rat are described. 
=521  \\$aFor undergraduate, graduate, and professional students
=546  \\$aEnglish
=650  \0$aMedicine
=856  40$uhttps://www.jove.com/video/2726
=945  \\$aThe Whole World

