=LDR  00688ngm a2200000i 4500
=001  JoVEMedicine2623
=008  161201s2016\\\\xx\\\\\g\\\\\\s\\\\\eng\d
=035  \\$a(OCoLC)733445860
=040  \\$aVaAlASP$cVaAlASP
=100  1\$aChilders,Martin K.
=245  12$aIn Vivo Canine Muscle Function Assay$h[electronic resource]
=260  \\$aCambridge, MA$bMyJoVE Corp$c2016
=300  \\$aonline resource (574 seconds)
=490  0\$aMedicine
=500  \\$aTitle from resource description page
=520  \\$aWe describe a minimally-invasive and painless method to measure canine hindlimb muscle strength and muscle response to repeated eccentric contractions.
=521  \\$aFor undergraduate, graduate, and professional students
=546  \\$aEnglish
=650  \0$aMedicine
=856  40$uhttps://www.jove.com/video/2623
=945  \\$aThe Whole World

