=LDR  00735ngm a2200000i 4500
=001  JoVEBiology2795
=008  161201s2016\\\\xx\\\\\g\\\\\\s\\\\\eng\d
=035  \\$a(OCoLC)733445860
=040  \\$aVaAlASP$cVaAlASP
=100  1\$aSkeie,Jessica M.
=245  12$aEvisceration of Mouse Vitreous and Retina for Proteomic Analyses$h[electronic resource]
=260  \\$aCambridge, MA$bMyJoVE Corp$c2016
=300  \\$aonline resource (159 seconds)
=490  0\$aBiology
=500  \\$aTitle from resource description page
=520  \\$aThe dissection technique illustrates evisceration of the vitreous, retina, and lens from the mouse eye, separation by centrifugation, and characterization with protein assays.
=521  \\$aFor undergraduate, graduate, and professional students
=546  \\$aEnglish
=650  \0$aBiology
=856  40$uhttps://www.jove.com/video/2795
=945  \\$aThe Whole World

