=LDR  00903ngm a2200000i 4500
=001  JoVEBiology2579
=008  161201s2016\\\\xx\\\\\g\\\\\\s\\\\\eng\d
=035  \\$a(OCoLC)733445860
=040  \\$aVaAlASP$cVaAlASP
=100  1\$aAkimzhanov,Askar M.
=245  12$aMonitoring Dynamic Changes In Mitochondrial Calcium Levels During Apoptosis Using A Genetically Encoded Calcium Sensor$h[electronic resource]
=260  \\$aCambridge, MA$bMyJoVE Corp$c2016
=300  \\$aonline resource (386 seconds)
=490  0\$aBiology
=500  \\$aTitle from resource description page
=520  \\$aThis protocol describes a method for real-time measurement of mitochondrial calcium fluxes by fluorescent imaging. The method takes advantage of a circularly permutated YFP-based dual-excitation ratiometric calcium sensor (ratiometric pericam-mt) selectively expressed in mitochondria. 
=521  \\$aFor undergraduate, graduate, and professional students
=546  \\$aEnglish
=650  \0$aBiology
=856  40$uhttps://www.jove.com/video/2579
=945  \\$aThe Whole World

