=LDR  00838ngm a2200000i 4500
=001  JoVEBiology2561
=008  161201s2016\\\\xx\\\\\g\\\\\\s\\\\\eng\d
=035  \\$a(OCoLC)733445860
=040  \\$aVaAlASP$cVaAlASP
=100  1\$aGuo,Zhiru
=245  12$aIsolation and Culture of Adult Epithelial Stem Cells from Human Skin$h[electronic resource]
=260  \\$aCambridge, MA$bMyJoVE Corp$c2016
=300  \\$aonline resource (506 seconds)
=490  0\$aBiology
=500  \\$aTitle from resource description page
=520  \\$aA rapid, robust way of isolating viable adult epithelial stem cells from human skin is described. The method utilizes enzymatic digestion of skin collagen matrix , followed by plucking of hair follicles and isolation of single cell suspensions or tissue fragments for cell culture.
=521  \\$aFor undergraduate, graduate, and professional students
=546  \\$aEnglish
=650  \0$aBiology
=856  40$uhttps://www.jove.com/video/2561
=945  \\$aThe Whole World

