=LDR  00902ngm a2200000i 4500
=001  JoVEBiology2533
=008  161201s2016\\\\xx\\\\\g\\\\\\s\\\\\eng\d
=035  \\$a(OCoLC)733445860
=040  \\$aVaAlASP$cVaAlASP
=100  1\$aJacobs,Nicole L.
=245  12$aUsing Whole Mount in situ Hybridization to Link Molecular and Organismal Biology$h[electronic resource]
=260  \\$aCambridge, MA$bMyJoVE Corp$c2016
=300  \\$aonline resource (770 seconds)
=490  0\$aBiology
=500  \\$aTitle from resource description page
=520  \\$aWhole mount in situ hybridization (WISH) was used in an upper level undergraduate Comparative Vertebrate Biology course in addition to vertebrate dissections. This gave students the opportunity to study gene expression patterns as well as gross anatomy, linking the study of molecular and organismal biology within one course.
=521  \\$aFor undergraduate, graduate, and professional students
=546  \\$aEnglish
=650  \0$aBiology
=856  40$uhttps://www.jove.com/video/2533
=945  \\$aThe Whole World

