=LDR  00875ngm a2200000i 4500
=001  JoVEBiology2503
=008  161201s2016\\\\xx\\\\\g\\\\\\s\\\\\eng\d
=035  \\$a(OCoLC)733445860
=040  \\$aVaAlASP$cVaAlASP
=100  1\$aFigard,Lauren
=245  12$aImaging Cell Shape Change in Living Drosophila Embryos$h[electronic resource]
=260  \\$aCambridge, MA$bMyJoVE Corp$c2016
=300  \\$aonline resource (680 seconds)
=490  0\$aBiology
=500  \\$aTitle from resource description page
=520  \\$aEarly development of the fruit fly, Drosophila melanogaster, is characterized by a number of cell shape changes that are well suited for imaging approaches.  This article will describe basic tools and methods required for live confocal imaging of Drosophila embryos, and will focus on a cell shape change called cellularization.
=521  \\$aFor undergraduate, graduate, and professional students
=546  \\$aEnglish
=650  \0$aBiology
=856  40$uhttps://www.jove.com/video/2503
=945  \\$aThe Whole World

