=LDR  00835ngm a2200000i 4500
=001  JoVEBiology2452
=008  161201s2016\\\\xx\\\\\g\\\\\\s\\\\\eng\d
=035  \\$a(OCoLC)733445860
=040  \\$aVaAlASP$cVaAlASP
=100  1\$aGarcia-Cazarin,Mary L.
=245  12$aMitochondrial Isolation from Skeletal Muscle$h[electronic resource]
=260  \\$aCambridge, MA$bMyJoVE Corp$c2016
=300  \\$aonline resource (585 seconds)
=490  0\$aBiology
=500  \\$aTitle from resource description page
=520  \\$aThis protocol describes a procedure to study the respiration of mitochondria isolated from skeletal muscles. This method was adapted from Scorrano et al. (2007).  The mitochondrial isolation procedure requires about 2 hours.  The mitochondrial respiration can be completed in about 1 hour.
=521  \\$aFor undergraduate, graduate, and professional students
=546  \\$aEnglish
=650  \0$aBiology
=856  40$uhttps://www.jove.com/video/2452
=945  \\$aThe Whole World

