=LDR  00950ngm a2200000i 4500
=001  JoVEBiology2574
=008  161201s2016\\\\xx\\\\\g\\\\\\s\\\\\eng\d
=035  \\$a(OCoLC)733445860
=040  \\$aVaAlASP$cVaAlASP
=100  1\$aLiu,Xueqi
=245  12$aSingle Particle Electron Microscopy Reconstruction of the Exosome Complex Using the Random Conical Tilt Method$h[electronic resource]
=260  \\$aCambridge, MA$bMyJoVE Corp$c2016
=300  \\$aonline resource (730 seconds)
=490  0\$aBiology
=500  \\$aTitle from resource description page
=520  \\$aThis article describes a standard method to get a three-dimensional (3D) reconstruction of biological macromolecules using negative staining electron microscopy (EM). In this protocol, we explain how to get the 3D structure of the Saccharomyces cerevisiae exosome complex at medium resolution using the random conical tilt reconstruction method (RCT).
=521  \\$aFor undergraduate, graduate, and professional students
=546  \\$aEnglish
=650  \0$aBiology
=856  40$uhttps://www.jove.com/video/2574
=945  \\$aThe Whole World

