=LDR  00860ngm a2200000i 4500
=001  JoVEBiology2501
=008  161201s2016\\\\xx\\\\\g\\\\\\s\\\\\eng\d
=035  \\$a(OCoLC)733445860
=040  \\$aVaAlASP$cVaAlASP
=100  1\$aLiu,Wei
=245  12$aCrystallization of Membrane Proteins in Lipidic Mesophases$h[electronic resource]
=260  \\$aCambridge, MA$bMyJoVE Corp$c2016
=300  \\$aonline resource (713 seconds)
=490  0\$aBiology
=500  \\$aTitle from resource description page
=520  \\$aThe protocols describe the essential steps for obtaining diffraction quality crystals of a membrane protein starting from reconstitution of the protein in a lipidic cubic phase (LCP), finding initial conditions with LCP-FRAP pre-crystallization assays, setting up LCP crystallization trials and harvesting crystals.
=521  \\$aFor undergraduate, graduate, and professional students
=546  \\$aEnglish
=650  \0$aBiology
=856  40$uhttps://www.jove.com/video/2501
=945  \\$aThe Whole World

