=LDR  00906ngm a2200000i 4500
=001  JoVEBiology2763
=008  161201s2016\\\\xx\\\\\g\\\\\\s\\\\\eng\d
=035  \\$a(OCoLC)733445860
=040  \\$aVaAlASP$cVaAlASP
=100  1\$aPikor,Larissa A.
=245  12$a DNA Extraction from Paraffin Embedded Material for Genetic and Epigenetic Analyses$h[electronic resource]
=260  \\$aCambridge, MA$bMyJoVE Corp$c2016
=300  \\$aonline resource (812 seconds)
=490  0\$aBiology
=500  \\$aTitle from resource description page
=520  \\$aThis video demonstrates the protocol for DNA extraction from formalin-fixed paraffin-embedded material.  This is a multi-day procedure in which tissue sections are deparaffinized with xylene, rehydrated with ethanol and treated with proteinase K to purify and isolate DNA for subsequent gene-specific or genome-wide analysis.  
=521  \\$aFor undergraduate, graduate, and professional students
=546  \\$aEnglish
=650  \0$aBiology
=856  40$uhttps://www.jove.com/video/2763
=945  \\$aThe Whole World

