=LDR  00848ngm a2200000i 4500
=001  JoVEBiology2625
=008  161201s2016\\\\xx\\\\\g\\\\\\s\\\\\eng\d
=035  \\$a(OCoLC)733445860
=040  \\$aVaAlASP$cVaAlASP
=100  1\$aVerbrugghe,Koen J. C.
=245  12$aImaging C. elegans Embryos using an Epifluorescent Microscope and Open Source Software$h[electronic resource]
=260  \\$aCambridge, MA$bMyJoVE Corp$c2016
=300  \\$aonline resource (512 seconds)
=490  0\$aBiology
=500  \\$aTitle from resource description page
=520  \\$aThe C. elegans embryo is a powerful system for studying cell biology and development.  We present a protocol for live imaging of C. elegans embryos utilizing DIC optics or fluorescence using readily available epifluorescent microscopes and open-source software.
=521  \\$aFor undergraduate, graduate, and professional students
=546  \\$aEnglish
=650  \0$aBiology
=856  40$uhttps://www.jove.com/video/2625
=945  \\$aThe Whole World

