=LDR  00759ngm a2200000i 4500
=001  JoVEBiology2557
=008  161201s2016\\\\xx\\\\\g\\\\\\s\\\\\eng\d
=035  \\$a(OCoLC)733445860
=040  \\$aVaAlASP$cVaAlASP
=100  1\$aHu,Diane
=245  12$aAssessing Signaling Properties of Ectodermal Epithelia During Craniofacial Development$h[electronic resource]
=260  \\$aCambridge, MA$bMyJoVE Corp$c2016
=300  \\$aonline resource (565 seconds)
=490  0\$aBiology
=500  \\$aTitle from resource description page
=520  \\$aThis article describes a tissue transplantation technique that was designed to test the signaling and patterning properties of surface cephalic ectoderm during craniofacial development.
=521  \\$aFor undergraduate, graduate, and professional students
=546  \\$aEnglish
=650  \0$aBiology
=856  40$uhttps://www.jove.com/video/2557
=945  \\$aThe Whole World

