=LDR  00769ngm a2200000i 4500
=001  JoVEMedicine2538
=008  161201s2016\\\\xx\\\\\g\\\\\\s\\\\\eng\d
=035  \\$a(OCoLC)733445860
=040  \\$aVaAlASP$cVaAlASP
=100  1\$aLing,Chen
=245  12$aHigh-Efficiency Transduction of Liver Cancer Cells by Recombinant Adeno-Associated Virus Serotype 3 Vectors $h[electronic resource]
=260  \\$aCambridge, MA$bMyJoVE Corp$c2016
=300  \\$aonline resource (1142 seconds)
=490  0\$aMedicine
=500  \\$aTitle from resource description page
=520  \\$aIn this article, we describe the identification of the adeno-associated virus serotype 3 (AAV3) as the most efficient vector for targeting human liver cancer cells.


=521  \\$aFor undergraduate, graduate, and professional students
=546  \\$aEnglish
=650  \0$aMedicine
=856  40$uhttps://www.jove.com/video/2538
=945  \\$aThe Whole World

