=LDR  00834ngm a2200000i 4500
=001  JoVEBiology2510
=008  161201s2016\\\\xx\\\\\g\\\\\\s\\\\\eng\d
=035  \\$a(OCoLC)733445860
=040  \\$aVaAlASP$cVaAlASP
=100  1\$aPiccirillo,Sarah
=245  12$aYeast Colony Embedding Method$h[electronic resource]
=260  \\$aCambridge, MA$bMyJoVE Corp$c2016
=300  \\$aonline resource (544 seconds)
=490  0\$aBiology
=500  \\$aTitle from resource description page
=520  \\$aA method for embedding yeast colonies allowing sectioning for light and electron microscopy. This protocol allows determination of the distribution of sporulated cells and pseudohyphal cells within colonies providing a new tool toward understanding the  organization of cell types within a fungal community.  
=521  \\$aFor undergraduate, graduate, and professional students
=546  \\$aEnglish
=650  \0$aBiology
=856  40$uhttps://www.jove.com/video/2510
=945  \\$aThe Whole World

