=LDR  00676ngm a2200000i 4500
=001  JoVEBiology2496
=008  161201s2016\\\\xx\\\\\g\\\\\\s\\\\\eng\d
=035  \\$a(OCoLC)733445860
=040  \\$aVaAlASP$cVaAlASP
=100  1\$aSolis,Gregory M.
=245  12$aMeasuring Caenorhabditis elegans Life Span in 96 Well Microtiter Plates$h[electronic resource]
=260  \\$aCambridge, MA$bMyJoVE Corp$c2016
=300  \\$aonline resource (743 seconds)
=490  0\$aBiology
=500  \\$aTitle from resource description page
=520  \\$aIn this protocol we present a method to measure Caenorhabditis elegans lifespan in 96 well microtiter plates.
=521  \\$aFor undergraduate, graduate, and professional students
=546  \\$aEnglish
=650  \0$aBiology
=856  40$uhttps://www.jove.com/video/2496
=945  \\$aThe Whole World

