=LDR  00977ngm a2200000i 4500
=001  JoVEBiology2518
=008  161201s2016\\\\xx\\\\\g\\\\\\s\\\\\eng\d
=035  \\$a(OCoLC)733445860
=040  \\$aVaAlASP$cVaAlASP
=100  1\$aWang,Zhen
=245  12$aArabidopsis thaliana Polar Glycerolipid Profiling by Thin Layer Chromatography (TLC) Coupled with Gas-Liquid Chromatography (GLC)$h[electronic resource]
=260  \\$aCambridge, MA$bMyJoVE Corp$c2016
=300  \\$aonline resource (782 seconds)
=490  0\$aBiology
=500  \\$aTitle from resource description page
=520  \\$aComposition of polar lipid extracts and the fatty acid composition of individual glycerolipids are determined in a simple and robust lipid profiling experiment. For this purpose, glycerolipids are isolated by thin layer chromatography and subjected to transmethylation of their acyl groups. Fatty acyl methylesters are quantified by gas-liquid chromatography.
=521  \\$aFor undergraduate, graduate, and professional students
=546  \\$aEnglish
=650  \0$aBiology
=856  40$uhttps://www.jove.com/video/2518
=945  \\$aThe Whole World

