=LDR  00698ngm a2200000i 4500
=001  JoVEBiology2476
=008  161201s2016\\\\xx\\\\\g\\\\\\s\\\\\eng\d
=035  \\$a(OCoLC)733445860
=040  \\$aVaAlASP$cVaAlASP
=100  1\$aYi,Lin
=245  12$aPurification of Progenitors from Skeletal Muscle$h[electronic resource]
=260  \\$aCambridge, MA$bMyJoVE Corp$c2016
=300  \\$aonline resource (775 seconds)
=490  0\$aBiology
=500  \\$aTitle from resource description page
=520  \\$aMethod for the enzymatic dissociation, surface labeling and purification by flow cytometry of fibro/adipogenic and myogenic progenitors from murine skeletal muscle.
=521  \\$aFor undergraduate, graduate, and professional students
=546  \\$aEnglish
=650  \0$aBiology
=856  40$uhttps://www.jove.com/video/2476
=945  \\$aThe Whole World

