=LDR  00835ngm a2200000i 4500
=001  JoVEBiology2505
=008  161201s2016\\\\xx\\\\\g\\\\\\s\\\\\eng\d
=035  \\$a(OCoLC)733445860
=040  \\$aVaAlASP$cVaAlASP
=100  1\$aTroll,Chris
=245  12$aMutagenesis and Functional Selection Protocols for Directed Evolution of Proteins in E. coli$h[electronic resource]
=260  \\$aCambridge, MA$bMyJoVE Corp$c2016
=300  \\$aonline resource (542 seconds)
=490  0\$aBiology
=500  \\$aTitle from resource description page
=520  \\$aHere we demonstrate a simple protocol to create a random mutant library for a given target sequence. We show how this method, which is performed in vivo in Escherichia coli, can be coupled with functional selections to evolve new enzymatic activities. 
=521  \\$aFor undergraduate, graduate, and professional students
=546  \\$aEnglish
=650  \0$aBiology
=856  40$uhttps://www.jove.com/video/2505
=945  \\$aThe Whole World

