=LDR  00739ngm a2200000i 4500
=001  JoVEBiology2546
=008  161201s2016\\\\xx\\\\\g\\\\\\s\\\\\eng\d
=035  \\$a(OCoLC)733445860
=040  \\$aVaAlASP$cVaAlASP
=100  1\$aDiaz,Elva
=245  12$aDNA Microarrays: Sample Quality Control, Array Hybridization and Scanning$h[electronic resource]
=260  \\$aCambridge, MA$bMyJoVE Corp$c2016
=300  \\$aonline resource (568 seconds)
=490  0\$aBiology
=500  \\$aTitle from resource description page
=520  \\$aWe demonstrate the use of DNA microarrays for expression profiling of the nervous system. We describe RNA quality control, sample labeling, and array hybridization and scanning.
=521  \\$aFor undergraduate, graduate, and professional students
=546  \\$aEnglish
=650  \0$aBiology
=856  40$uhttps://www.jove.com/video/2546
=945  \\$aThe Whole World

