=LDR  00749ngm a2200000i 4500
=001  JoVEBiology2573
=008  161201s2016\\\\xx\\\\\g\\\\\\s\\\\\eng\d
=035  \\$a(OCoLC)733445860
=040  \\$aVaAlASP$cVaAlASP
=100  1\$aRafehi,Haloom
=245  12$aClonogenic Assay: Adherent Cells$h[electronic resource]
=260  \\$aCambridge, MA$bMyJoVE Corp$c2016
=300  \\$aonline resource (329 seconds)
=490  0\$aBiology
=500  \\$aTitle from resource description page
=520  \\$aThe applicability of the clonogenic assay for evaluating reproductive viability has been established for more than 50 years.  Here we demonstrate the general procedure for performing the clonogenic assay with adherent cells.
=521  \\$aFor undergraduate, graduate, and professional students
=546  \\$aEnglish
=650  \0$aBiology
=856  40$uhttps://www.jove.com/video/2573
=945  \\$aThe Whole World

