=LDR  00914ngm a2200000i 4500
=001  JoVEBiology2791
=008  161201s2016\\\\xx\\\\\g\\\\\\s\\\\\eng\d
=035  \\$a(OCoLC)733445860
=040  \\$aVaAlASP$cVaAlASP
=100  1\$aHenry,Philippe
=245  12$aA Noninvasive Hair Sampling Technique to Obtain High Quality DNA from Elusive Small Mammals$h[electronic resource]
=260  \\$aCambridge, MA$bMyJoVE Corp$c2016
=300  \\$aonline resource (460 seconds)
=490  0\$aBiology
=500  \\$aTitle from resource description page
=520  \\$aWe present a noninvasive sampling approach to efficiently collect hair samples from elusive small mammals, as shown for the American pika. We demonstrate the utility of this method by extracting DNA from sampled hair and amplifying several types of molecular markers commonly used in studies of wildlife ecology and conservation.
=521  \\$aFor undergraduate, graduate, and professional students
=546  \\$aEnglish
=650  \0$aBiology
=856  40$uhttps://www.jove.com/video/2791
=945  \\$aThe Whole World

