=LDR  00831ngm a2200000i 4500
=001  JoVEMedicine2368
=008  161201s2016\\\\xx\\\\\g\\\\\\s\\\\\eng\d
=035  \\$a(OCoLC)733445860
=040  \\$aVaAlASP$cVaAlASP
=100  1\$aLeeser,David B
=245  12$aSingle Port Donor Nephrectomy$h[electronic resource]
=260  \\$aCambridge, MA$bMyJoVE Corp$c2016
=300  \\$aonline resource (437 seconds)
=490  0\$aMedicine
=500  \\$aTitle from resource description page
=520  \\$aSingle port laparoscopic surgery is changing the standard of care in surgical care like nothing since the laparoscopic technique was introduced 20 years ago.  We present out technique of single port donor nephrectomy using the Gelpoint device.  We have successfully performed this surgery in 100 patients.
=521  \\$aFor undergraduate, graduate, and professional students
=546  \\$aEnglish
=650  \0$aMedicine
=856  40$uhttps://www.jove.com/video/2368
=945  \\$aThe Whole World

