=LDR  00945ngm a2200000i 4500
=001  JoVEBiology2488
=008  161201s2016\\\\xx\\\\\g\\\\\\s\\\\\eng\d
=035  \\$a(OCoLC)733445860
=040  \\$aVaAlASP$cVaAlASP
=100  1\$aGammal,Roseann
=245  12$aHeterokaryon Technique for Analysis of Cell Type-specific Localization$h[electronic resource]
=260  \\$aCambridge, MA$bMyJoVE Corp$c2016
=300  \\$aonline resource (571 seconds)
=490  0\$aBiology
=500  \\$aTitle from resource description page
=520  \\$aA flexible and efficient method for the characterization of cell type-specific protein localization and nucleocytoplasmic shuttling is described.  This heterokaryon approach uses fluorescently-labeled fusion proteins to image protein localizations after cell fusion.  The protocol is amenable to steady-state localizations or more dynamic determinations based on live cell imaging.
=521  \\$aFor undergraduate, graduate, and professional students
=546  \\$aEnglish
=650  \0$aBiology
=856  40$uhttps://www.jove.com/video/2488
=945  \\$aThe Whole World

