=LDR  00835ngm a2200000i 4500
=001  JoVEBiology2467
=008  161201s2016\\\\xx\\\\\g\\\\\\s\\\\\eng\d
=035  \\$a(OCoLC)733445860
=040  \\$aVaAlASP$cVaAlASP
=100  1\$aFerreira,J. Andries
=245  12$aAn Alternant Method to the Traditional NASA Hindlimb Unloading Model in Mice$h[electronic resource]
=260  \\$aCambridge, MA$bMyJoVE Corp$c2016
=300  \\$aonline resource (590 seconds)
=490  0\$aBiology
=500  \\$aTitle from resource description page
=520  \\$aWe developed an alternant hindlimb unloading model in mice. The primary advantage of our hindlimb unloading tail-ring method over the conventional Morey-Holton tail-traction technique is a simple straightforward procedure that minimizes stress upon the animal.
=521  \\$aFor undergraduate, graduate, and professional students
=546  \\$aEnglish
=650  \0$aBiology
=856  40$uhttps://www.jove.com/video/2467
=945  \\$aThe Whole World

