=LDR  00871ngm a2200000i 4500
=001  JoVEMedicine2596
=008  161201s2016\\\\xx\\\\\g\\\\\\s\\\\\eng\d
=035  \\$a(OCoLC)733445860
=040  \\$aVaAlASP$cVaAlASP
=100  1\$aBrace,Christopher L.
=245  12$aThermal Ablation for the Treatment of Abdominal Tumors$h[electronic resource]
=260  \\$aCambridge, MA$bMyJoVE Corp$c2016
=300  \\$aonline resource (436 seconds)
=490  0\$aMedicine
=500  \\$aTitle from resource description page
=520  \\$aA thermal tumor ablation procedure is described. The entire procedure is detailed, including pretreatment planning and imaging studies, anesthesia, adjuvant techniques to facilitate a percutaneous approach, imaging guidance of the ablation device to the tumor, thermal treatment, post-treatment care and follow-up.
=521  \\$aFor undergraduate, graduate, and professional students
=546  \\$aEnglish
=650  \0$aMedicine
=856  40$uhttps://www.jove.com/video/2596
=945  \\$aThe Whole World

