=LDR  00976ngm a2200000i 4500
=001  JoVEMedicine2558
=008  161201s2016\\\\xx\\\\\g\\\\\\s\\\\\eng\d
=035  \\$a(OCoLC)733445860
=040  \\$aVaAlASP$cVaAlASP
=100  1\$aTurk,Amy N.
=245  12$aOrthotopic Xenografting of Human Luciferase-Tagged Malignant Peripheral Nerve Sheath Tumor Cells for in vivo Testing of Candidate Therapeutic Agents$h[electronic resource]
=260  \\$aCambridge, MA$bMyJoVE Corp$c2016
=300  \\$aonline resource (430 seconds)
=490  0\$aMedicine
=500  \\$aTitle from resource description page
=520  \\$aA method for reliably grafting luciferase-tagged human malignant peripheral nerve sheath tumor cells into the sciatic nerve of immunodeficient mice is described.  The use of bioluminescence imaging to demonstrate proper establishment of tumor grafts and criteria for random segregation of animals into study groups are also discussed.
=521  \\$aFor undergraduate, graduate, and professional students
=546  \\$aEnglish
=650  \0$aMedicine
=856  40$uhttps://www.jove.com/video/2558
=945  \\$aThe Whole World

