=LDR  00912ngm a2200000i 4500
=001  JoVEBiology2366
=008  161201s2016\\\\xx\\\\\g\\\\\\s\\\\\eng\d
=035  \\$a(OCoLC)733445860
=040  \\$aVaAlASP$cVaAlASP
=100  1\$aMuddu,Radha
=245  12$aRapid PCR Thermocycling using Microscale Thermal Convection$h[electronic resource]
=260  \\$aCambridge, MA$bMyJoVE Corp$c2016
=300  \\$aonline resource (542 seconds)
=490  0\$aBiology
=500  \\$aTitle from resource description page
=520  \\$aWe describe a novel method to perform DNA replication via the polymerase chain reaction (PCR). Thermal convection is harnessed to continuously shuttle reagents between denaturing, annealing, and extension conditions by maintaining opposing surfaces of the reactor at constant temperature. This inherently simple design promises to make rapid PCR more accessible.
=521  \\$aFor undergraduate, graduate, and professional students
=546  \\$aEnglish
=650  \0$aBiology
=856  40$uhttps://www.jove.com/video/2366
=945  \\$aThe Whole World

