=LDR  00937ngm a2200000i 4500
=001  JoVEBiology2471
=008  161201s2016\\\\xx\\\\\g\\\\\\s\\\\\eng\d
=035  \\$a(OCoLC)733445860
=040  \\$aVaAlASP$cVaAlASP
=100  1\$aKim,Abraham
=245  12$aComputer-assisted Large-scale Visualization and Quantification of Pancreatic Islet Mass, Size Distribution and Architecture$h[electronic resource]
=260  \\$aCambridge, MA$bMyJoVE Corp$c2016
=300  \\$aonline resource (1019 seconds)
=490  0\$aBiology
=500  \\$aTitle from resource description page
=520  \\$aNovel computer-assisted methods of large-scale procurement and analysis of immunohistochemically stained pancreatic specimens are described: (1) Virtual Slice capture of the entire section; (2) Mass analysis of large-scale data; (3) Reconstruction of 2D Virtual Slices; (4) 3D islet mapping; and (5) Mathematical analysis.
=521  \\$aFor undergraduate, graduate, and professional students
=546  \\$aEnglish
=650  \0$aBiology
=856  40$uhttps://www.jove.com/video/2471
=945  \\$aThe Whole World

