=LDR  00933ngm a2200000i 4500
=001  JoVEBiology2631
=008  161201s2016\\\\xx\\\\\g\\\\\\s\\\\\eng\d
=035  \\$a(OCoLC)733445860
=040  \\$aVaAlASP$cVaAlASP
=100  1\$aThymiakou,Efstathia
=245  12$aDetection of Signaling Effector-Complexes Downstream of BMP4 Using in situ PLA, a Proximity Ligation Assay$h[electronic resource]
=260  \\$aCambridge, MA$bMyJoVE Corp$c2016
=300  \\$aonline resource (772 seconds)
=490  0\$aBiology
=500  \\$aTitle from resource description page
=520  \\$aHere we show how to use Proximity Ligation Assay (PLA), with a combination of antibodies to visualize Bone Morphogenetic Protein (BMP) signaling in fixed cells. This technique allowed us to follow the nuclear accumulation of endogenous BMP activated effector-complexes and quantify their levels over time under BMP4 stimulation.
=521  \\$aFor undergraduate, graduate, and professional students
=546  \\$aEnglish
=650  \0$aBiology
=856  40$uhttps://www.jove.com/video/2631
=945  \\$aThe Whole World

