=LDR  00985ngm a2200000i 4500
=001  JoVEMedicine2662
=008  161201s2016\\\\xx\\\\\g\\\\\\s\\\\\eng\d
=035  \\$a(OCoLC)733445860
=040  \\$aVaAlASP$cVaAlASP
=100  1\$aYang,Barbara
=245  12$aAccurate and Simple Measurement of the Pro-inflammatory Cytokine IL-1β using a Whole Blood Stimulation Assay$h[electronic resource]
=260  \\$aCambridge, MA$bMyJoVE Corp$c2016
=300  \\$aonline resource (389 seconds)
=490  0\$aMedicine
=500  \\$aTitle from resource description page
=520  \\$aWe describe a simple immunoassay to measure the production of pro-inflammatory cytokines, such as IL-1 beta production, in patients presenting with autoinflammatory phenotypes. By activating cells in whole blood cultures with pathogen-associated molecular patterns, specifically with lipopolysaccharide, cytokine secretion can be conveniently evaluated in whole blood supernatants.
=521  \\$aFor undergraduate, graduate, and professional students
=546  \\$aEnglish
=650  \0$aMedicine
=856  40$uhttps://www.jove.com/video/2662
=945  \\$aThe Whole World

