=LDR  00929ngm a2200000i 4500
=001  JoVEBiology2431
=008  161201s2016\\\\xx\\\\\g\\\\\\s\\\\\eng\d
=035  \\$a(OCoLC)733445860
=040  \\$aVaAlASP$cVaAlASP
=100  1\$aHughey,Curtis C.
=245  12$aRespirometric Oxidative Phosphorylation Assessment in Saponin-permeabilized Cardiac Fibers$h[electronic resource]
=260  \\$aCambridge, MA$bMyJoVE Corp$c2016
=300  \\$aonline resource (670 seconds)
=490  0\$aBiology
=500  \\$aTitle from resource description page
=520  \\$aSaponin-permeabilized fiber preparation in conjunction with respirometric oxidative phosphorylation analysis provides integrative assessment of mitochondrial function. Mitochondrial respiration in physiological and pathological states can reflect various regulatory influences including mitochondrial interactions, morphology and biochemistry.
=521  \\$aFor undergraduate, graduate, and professional students
=546  \\$aEnglish
=650  \0$aBiology
=856  40$uhttps://www.jove.com/video/2431
=945  \\$aThe Whole World

