=LDR  00851ngm a2200000i 4500
=001  JoVEBiology2215
=008  161201s2016\\\\xx\\\\\g\\\\\\s\\\\\eng\d
=035  \\$a(OCoLC)733445860
=040  \\$aVaAlASP$cVaAlASP
=100  1\$aPerrimon,Norbert
=245  12$aPrimary Cell Cultures from Drosophila Gastrula Embryos$h[electronic resource]
=260  \\$aCambridge, MA$bMyJoVE Corp$c2016
=300  \\$aonline resource (655 seconds)
=490  0\$aBiology
=500  \\$aTitle from resource description page
=520  \\$aWe provide a detailed protocol for preparing primary cells dissociated from Drosophila embryos.  The ability to carry out the effective RNAi perturbation, together with other molecular, biochemical and cell imaging methods will allow a variety of questions to be addressed in Drosophila primary cells.
=521  \\$aFor undergraduate, graduate, and professional students
=546  \\$aEnglish
=650  \0$aBiology
=856  40$uhttps://www.jove.com/video/2215
=945  \\$aThe Whole World

