=LDR  00975ngm a2200000i 4500
=001  JoVEBiology2288
=008  161201s2016\\\\xx\\\\\g\\\\\\s\\\\\eng\d
=035  \\$a(OCoLC)733445860
=040  \\$aVaAlASP$cVaAlASP
=100  1\$aFalk,Marni J.
=245  12$aStable Isotopic Profiling of Intermediary Metabolic Flux in Developing and Adult Stage Caenorhabditis elegans$h[electronic resource]
=260  \\$aCambridge, MA$bMyJoVE Corp$c2016
=300  \\$aonline resource (730 seconds)
=490  0\$aBiology
=500  \\$aTitle from resource description page
=520  \\$aStable isotopic profiling by gas chromatography mass spectrometric analysis of intermediary metabolic flux is described in the nematode, Caenorhabditis elegans.  Methods are detailed for assessing isotopic enrichment in carbon dioxide, organic acids, and amino acids following isotope exposure either during development on agar plates or during adulthood in liquid culture.
=521  \\$aFor undergraduate, graduate, and professional students
=546  \\$aEnglish
=650  \0$aBiology
=856  40$uhttps://www.jove.com/video/2288
=945  \\$aThe Whole World

