=LDR  00953ngm a2200000i 4500
=001  JoVEBiology2498
=008  161201s2016\\\\xx\\\\\g\\\\\\s\\\\\eng\d
=035  \\$a(OCoLC)733445860
=040  \\$aVaAlASP$cVaAlASP
=100  1\$aShirole,Nitin
=245  12$aIsolation of Translating Ribosomes Containing Peptidyl-tRNAs for Functional and Structural Analyses$h[electronic resource]
=260  \\$aCambridge, MA$bMyJoVE Corp$c2016
=300  \\$aonline resource (679 seconds)
=490  0\$aBiology
=500  \\$aTitle from resource description page
=520  \\$aA major impediment to biochemical analyses of ribosomes containing nascent peptidyl-tRNAs has been the presence of other ribosomes in the same samples, ribosomes not involved in the translation of the specific mRNA sequence being analyzed. We developed a simple methodology to purify, exclusively, the ribosomes containing the nascent peptidyl-tRNA of interest.
=521  \\$aFor undergraduate, graduate, and professional students
=546  \\$aEnglish
=650  \0$aBiology
=856  40$uhttps://www.jove.com/video/2498
=945  \\$aThe Whole World

