=LDR  00974ngm a2200000i 4500
=001  JoVEBiology2164
=008  161201s2016\\\\xx\\\\\g\\\\\\s\\\\\eng\d
=035  \\$a(OCoLC)733445860
=040  \\$aVaAlASP$cVaAlASP
=100  1\$aFiala,Gina J.
=245  12$aBlue Native Polyacrylamide Gel Electrophoresis (BN-PAGE) for Analysis of Multiprotein Complexes from Cellular Lysates$h[electronic resource]
=260  \\$aCambridge, MA$bMyJoVE Corp$c2016
=300  \\$aonline resource (723 seconds)
=490  0\$aBiology
=500  \\$aTitle from resource description page
=520  \\$aIn this video, we describe the characterization of multiprotein complexes (MPCs) by blue native polyacrylamide gel electrophoresis (BN-PAGE). In a first dimension, dialyzed cellular lysates are separated by BN-PAGE to identify individual MPCs. In a second dimension SDS-PAGE, MPCs of interest are further subdivided to analyze their constituents by immunoblotting.
=521  \\$aFor undergraduate, graduate, and professional students
=546  \\$aEnglish
=650  \0$aBiology
=856  40$uhttps://www.jove.com/video/2164
=945  \\$aThe Whole World

