=LDR  00784ngm a2200000i 4500
=001  JoVEMedicine2570
=008  161201s2016\\\\xx\\\\\g\\\\\\s\\\\\eng\d
=035  \\$a(OCoLC)733445860
=040  \\$aVaAlASP$cVaAlASP
=100  1\$aScriven,Paul N.
=245  12$aFISH for Pre-implantation Genetic Diagnosis $h[electronic resource]
=260  \\$aCambridge, MA$bMyJoVE Corp$c2016
=300  \\$aonline resource (454 seconds)
=490  0\$aMedicine
=500  \\$aTitle from resource description page
=520  \\$aThis article describes the selection of suitable probes for single-cell FISH, spreading techniques for blastomere nuclei, and in situ hybridization and signal scoring, applied to pre-implantation genetic diagnosis (PGD) in a clinical setting.
=521  \\$aFor undergraduate, graduate, and professional students
=546  \\$aEnglish
=650  \0$aMedicine
=856  40$uhttps://www.jove.com/video/2570
=945  \\$aThe Whole World

