=LDR  00993ngm a2200000i 4500
=001  JoVEMedicine2582
=008  161201s2016\\\\xx\\\\\g\\\\\\s\\\\\eng\d
=035  \\$a(OCoLC)733445860
=040  \\$aVaAlASP$cVaAlASP
=100  1\$aOishi,Peter E.
=245  12$aMyo-mechanical Analysis of Isolated Skeletal Muscle$h[electronic resource]
=260  \\$aCambridge, MA$bMyJoVE Corp$c2016
=300  \\$aonline resource (528 seconds)
=490  0\$aMedicine
=500  \\$aTitle from resource description page
=520  \\$aTo assess the in vivo effects of therapeutic interventions for muscle disease, methods are needed to quantitate force generation and fatigability in treated muscle. We detail an approach to evaluating myo-mechanical properties in explanted mouse hindlimb muscle. This analysis provides a robust approach to quantitating the effects of genetic modification on muscle function, as well as comparison of therapies in mouse models of muscle disease.
=521  \\$aFor undergraduate, graduate, and professional students
=546  \\$aEnglish
=650  \0$aMedicine
=856  40$uhttps://www.jove.com/video/2582
=945  \\$aThe Whole World

