=LDR  00936ngm a2200000i 4500
=001  JoVEMedicine2422
=008  161201s2016\\\\xx\\\\\g\\\\\\s\\\\\eng\d
=035  \\$a(OCoLC)733445860
=040  \\$aVaAlASP$cVaAlASP
=100  1\$aYunusova,Yana
=245  12$aA Protocol for Comprehensive Assessment of Bulbar Dysfunction in Amyotrophic Lateral Sclerosis (ALS)$h[electronic resource]
=260  \\$aCambridge, MA$bMyJoVE Corp$c2016
=300  \\$aonline resource (763 seconds)
=490  0\$aMedicine
=500  \\$aTitle from resource description page
=520  \\$aObjective assessments of the physiological mechanisms that support speech are needed to monitor disease onset and progression in persons with ALS and to quantify treatment effects in clinical trials. In this video, we present a comprehensive, instrumentation-based protocol for quantifying speech motor performance in clinical populations. 
=521  \\$aFor undergraduate, graduate, and professional students
=546  \\$aEnglish
=650  \0$aMedicine
=856  40$uhttps://www.jove.com/video/2422
=945  \\$aThe Whole World

