=LDR  00957ngm a2200000i 4500
=001  JoVEMedicine2513
=008  161201s2016\\\\xx\\\\\g\\\\\\s\\\\\eng\d
=035  \\$a(OCoLC)733445860
=040  \\$aVaAlASP$cVaAlASP
=100  1\$aLam,Hilaire C.
=245  12$aIsolation of Mouse Respiratory Epithelial Cells and Exposure to Experimental Cigarette Smoke at Air Liquid Interface  $h[electronic resource]
=260  \\$aCambridge, MA$bMyJoVE Corp$c2016
=300  \\$aonline resource (647 seconds)
=490  0\$aMedicine
=500  \\$aTitle from resource description page
=520  \\$aPulmonary epithelial cells can be isolated from the respiratory tract of mice and cultured at air-liquid interface as a model of differentiated respiratory epithelium.  A protocol is described for isolating, culturing and exposing these cells to mainstream cigarette smoke, in order to study molecular responses to this environmental toxin.  
=521  \\$aFor undergraduate, graduate, and professional students
=546  \\$aEnglish
=650  \0$aMedicine
=856  40$uhttps://www.jove.com/video/2513
=945  \\$aThe Whole World

