=LDR  00944ngm a2200000i 4500
=001  JoVEBiology2699
=008  161201s2016\\\\xx\\\\\g\\\\\\s\\\\\eng\d
=035  \\$a(OCoLC)733445860
=040  \\$aVaAlASP$cVaAlASP
=100  1\$aSukumaran,Suja
=245  12$aConcentration Determination of Nucleic Acids and Proteins Using the Micro-volume Bio-spec Nano Spectrophotometer$h[electronic resource]
=260  \\$aCambridge, MA$bMyJoVE Corp$c2016
=300  \\$aonline resource (375 seconds)
=490  0\$aBiology
=500  \\$aTitle from resource description page
=520  \\$aThis communication presents data on the accuracy and reproducibility of the BioSpec-nano UV-VIS spectrophotometer for dsDNA and protein quantitation. Even with ultra-small volumes (1  to 2  L), reproducibility is excellent, while the automated wiping function improves throughput and results in minimal carryover for more precise results.
=521  \\$aFor undergraduate, graduate, and professional students
=546  \\$aEnglish
=650  \0$aBiology
=856  40$uhttps://www.jove.com/video/2699
=945  \\$aThe Whole World

