=LDR  00881ngm a2200000i 4500
=001  JoVEBiology2468
=008  161201s2016\\\\xx\\\\\g\\\\\\s\\\\\eng\d
=035  \\$a(OCoLC)733445860
=040  \\$aVaAlASP$cVaAlASP
=100  1\$aParvin,Jeffrey
=245  12$aIdentifying the Effects of BRCA1 Mutations on Homologous Recombination using Cells that Express Endogenous Wild-type BRCA1$h[electronic resource]
=260  \\$aCambridge, MA$bMyJoVE Corp$c2016
=300  \\$aonline resource (533 seconds)
=490  0\$aBiology
=500  \\$aTitle from resource description page
=520  \\$aWe provide a method for testing BRCA1 variants in a tissue culture based assay for homologous recombination repair of DNA damage by depleting endogenous BRCA1 protein from a cell using RNAi and replacing it with a BRCA1 point mutant that contains a coding change.  
=521  \\$aFor undergraduate, graduate, and professional students
=546  \\$aEnglish
=650  \0$aBiology
=856  40$uhttps://www.jove.com/video/2468
=945  \\$aThe Whole World

