=LDR  00677ngm a2200000i 4500
=001  JoVEMedicine2464
=008  161201s2016\\\\xx\\\\\g\\\\\\s\\\\\eng\d
=035  \\$a(OCoLC)733445860
=040  \\$aVaAlASP$cVaAlASP
=100  1\$aWu,Yewen
=245  12$aAcute Myocardial Infarction in Rats$h[electronic resource]
=260  \\$aCambridge, MA$bMyJoVE Corp$c2016
=300  \\$aonline resource (465 seconds)
=490  0\$aMedicine
=500  \\$aTitle from resource description page
=520  \\$aThe rat model of acute myocardial infarction (AMI) is useful to study the consequence of a MI on cardiac pathophysiological and physiological function.
=521  \\$aFor undergraduate, graduate, and professional students
=546  \\$aEnglish
=650  \0$aMedicine
=856  40$uhttps://www.jove.com/video/2464
=945  \\$aThe Whole World

