=LDR  00898ngm a2200000i 4500
=001  JoVEMedicine2342
=008  161201s2016\\\\xx\\\\\g\\\\\\s\\\\\eng\d
=035  \\$a(OCoLC)733445860
=040  \\$aVaAlASP$cVaAlASP
=100  1\$aLorenz,Laura S.
=245  12$aUsing Visual and Narrative Methods to Achieve Fair Process in Clinical Care$h[electronic resource]
=260  \\$aCambridge, MA$bMyJoVE Corp$c2016
=300  \\$aonline resource (872 seconds)
=490  0\$aMedicine
=500  \\$aTitle from resource description page
=520  \\$aThis paper illustrates an innovative visual approach (photovoice or photo-elicitation) to achieve fair process in clinical care for patients living with chronic health conditions, illuminate gaps in clinical knowledge, forge better therapeutic relationships, and identify patient-centered goals and possibilities for healing.
=521  \\$aFor undergraduate, graduate, and professional students
=546  \\$aEnglish
=650  \0$aMedicine
=856  40$uhttps://www.jove.com/video/2342
=945  \\$aThe Whole World

