=LDR  00798ngm a2200000i 4500
=001  JoVEMedicine2761
=008  161201s2016\\\\xx\\\\\g\\\\\\s\\\\\eng\d
=035  \\$a(OCoLC)733445860
=040  \\$aVaAlASP$cVaAlASP
=100  1\$aChiang,Terrance
=245  12$aMouse Model of Middle Cerebral Artery Occlusion$h[electronic resource]
=260  \\$aCambridge, MA$bMyJoVE Corp$c2016
=300  \\$aonline resource (583 seconds)
=490  0\$aMedicine
=500  \\$aTitle from resource description page
=520  \\$aWe demonstrate in the video a method for producing a middle cerebral artery occlusion in adult mice using an intraluminal monofilament. We also show how to evaluate the extent of cerebral infarction by 2,3,5-triphenyltetrazolium chloride (TTC) staining.
=521  \\$aFor undergraduate, graduate, and professional students
=546  \\$aEnglish
=650  \0$aMedicine
=856  40$uhttps://www.jove.com/video/2761
=945  \\$aThe Whole World

