=LDR  00831ngm a2200000i 4500
=001  JoVEMedicine2356
=008  161201s2016\\\\xx\\\\\g\\\\\\s\\\\\eng\d
=035  \\$a(OCoLC)733445860
=040  \\$aVaAlASP$cVaAlASP
=100  1\$aHor,Kan N.
=245  12$aMagnetic Resonance Derived Myocardial Strain Assessment Using Feature Tracking $h[electronic resource]
=260  \\$aCambridge, MA$bMyJoVE Corp$c2016
=300  \\$aonline resource (441 seconds)
=490  0\$aMedicine
=500  \\$aTitle from resource description page
=520  \\$aAn accurate and practical method to measure parameters like strain in myocardial tissue is of great clinical value, since it has been shown, that strain is a more sensitive and earlier marker for contractile dysfunction than the frequently used parameter EF. 
=521  \\$aFor undergraduate, graduate, and professional students
=546  \\$aEnglish
=650  \0$aMedicine
=856  40$uhttps://www.jove.com/video/2356
=945  \\$aThe Whole World

