=LDR  00908ngm a2200000i 4500
=001  JoVEMedicine2443
=008  161201s2016\\\\xx\\\\\g\\\\\\s\\\\\eng\d
=035  \\$a(OCoLC)733445860
=040  \\$aVaAlASP$cVaAlASP
=100  1\$aLee,Dongchul
=245  12$aDorsal Column Steerability with Dual Parallel Leads using Dedicated Power Sources:  A Computational Model$h[electronic resource]
=260  \\$aCambridge, MA$bMyJoVE Corp$c2016
=300  \\$aonline resource (679 seconds)
=490  0\$aMedicine
=500  \\$aTitle from resource description page
=520  \\$aUsing a mathematical model of spinal cord stimulation, we found that a multi-source system with independent power sources for each contact can target more central points of stimulation on the dorsal column (100 vs 3) and has 50-fold more field steering resolution (0.02mm vs 1mm) than a single-source system.
=521  \\$aFor undergraduate, graduate, and professional students
=546  \\$aEnglish
=650  \0$aMedicine
=856  40$uhttps://www.jove.com/video/2443
=945  \\$aThe Whole World

