=LDR  00780ngm a2200000i 4500
=001  JoVEBiology2484
=008  161201s2016\\\\xx\\\\\g\\\\\\s\\\\\eng\d
=035  \\$a(OCoLC)733445860
=040  \\$aVaAlASP$cVaAlASP
=100  1\$aPringle,Sarah
=245  12$aIsolation of Mouse Salivary Gland Stem Cells$h[electronic resource]
=260  \\$aCambridge, MA$bMyJoVE Corp$c2016
=300  \\$aonline resource (592 seconds)
=490  0\$aBiology
=500  \\$aTitle from resource description page
=520  \\$aAn optimized protocol for the isolation of stem cells from the mouse salivary gland is described. The method employs enzymatic and mechanical digestion, and permits isolation of salispheres containing cells with characteristics of stem cells. 
=521  \\$aFor undergraduate, graduate, and professional students
=546  \\$aEnglish
=650  \0$aBiology
=856  40$uhttps://www.jove.com/video/2484
=945  \\$aThe Whole World

