=LDR  00894ngm a2200000i 4500
=001  JoVEBiology2361
=008  161201s2016\\\\xx\\\\\g\\\\\\s\\\\\eng\d
=035  \\$a(OCoLC)733445860
=040  \\$aVaAlASP$cVaAlASP
=100  1\$aRigby,John R.
=245  12$aRecapitulation of an Ion Channel IV Curve Using Frequency Components$h[electronic resource]
=260  \\$aCambridge, MA$bMyJoVE Corp$c2016
=300  \\$aonline resource (614 seconds)
=490  0\$aBiology
=500  \\$aTitle from resource description page
=520  \\$aThere are technical obstacles to measuring current flux through multiple ion channels simultaneously, and later discerning what portion of the transmembrane current is due to each channel type.  To address this need, this method presents a way to generate the IV curve of individual channel types using specific frequency components.
=521  \\$aFor undergraduate, graduate, and professional students
=546  \\$aEnglish
=650  \0$aBiology
=856  40$uhttps://www.jove.com/video/2361
=945  \\$aThe Whole World

