=LDR  00882ngm a2200000i 4500
=001  JoVEMedicine2432
=008  161201s2016\\\\xx\\\\\g\\\\\\s\\\\\eng\d
=035  \\$a(OCoLC)733445860
=040  \\$aVaAlASP$cVaAlASP
=100  1\$aHughey,Curtis C.
=245  12$aHyperinsulinemic-Euglycemic Clamp in the Conscious Rat$h[electronic resource]
=260  \\$aCambridge, MA$bMyJoVE Corp$c2016
=300  \\$aonline resource (672 seconds)
=490  0\$aMedicine
=500  \\$aTitle from resource description page
=520  \\$aThe hyperinsulinemic-euglycemic clamp is the "gold standard" for the assessment of insulin action. Insulin is infused at a constant rate stimulating glucose uptake. The amount of exogenous glucose infused to counter this drop is indicative of insulin sensitivity. Here the procedure is performed on a conscious, unrestrained rat.
=521  \\$aFor undergraduate, graduate, and professional students
=546  \\$aEnglish
=650  \0$aMedicine
=856  40$uhttps://www.jove.com/video/2432
=945  \\$aThe Whole World

