=LDR  00729ngm a2200000i 4500
=001  JoVEMedicine2535
=008  161201s2016\\\\xx\\\\\g\\\\\\s\\\\\eng\d
=035  \\$a(OCoLC)733445860
=040  \\$aVaAlASP$cVaAlASP
=100  1\$aDobek,Georgina L.
=245  12$aAn Orthotopic Model of Murine Bladder Cancer$h[electronic resource]
=260  \\$aCambridge, MA$bMyJoVE Corp$c2016
=300  \\$aonline resource (547 seconds)
=490  0\$aMedicine
=500  \\$aTitle from resource description page
=520  \\$aBladder tumors are established in female mice in a minimally invasive fashion through catheterization, local cauterization, and subsequent adhesion of carcinoma cells to the burn sites.
=521  \\$aFor undergraduate, graduate, and professional students
=546  \\$aEnglish
=650  \0$aMedicine
=856  40$uhttps://www.jove.com/video/2535
=945  \\$aThe Whole World

