=LDR  00930ngm a2200000i 4500
=001  JoVEBiology2283
=008  161201s2016\\\\xx\\\\\g\\\\\\s\\\\\eng\d
=035  \\$a(OCoLC)733445860
=040  \\$aVaAlASP$cVaAlASP
=100  1\$aSchilling,Jonathan S.
=245  12$aAgar-Block Microcosms for Controlled Plant Tissue Decomposition by Aerobic Fungi$h[electronic resource]
=260  \\$aCambridge, MA$bMyJoVE Corp$c2016
=300  \\$aonline resource (754 seconds)
=490  0\$aBiology
=500  \\$aTitle from resource description page
=520  \\$aThis video demonstrates a controlled environment approach to study degradation of lignocellulosic plant tissues by aerobic fungi. The ability to control nutrient sources and moisture is a key advantage of agar-block microcosms, but the approach often yields mixed success. We address critical pitfalls to yield reproducible, low-variability results.
=521  \\$aFor undergraduate, graduate, and professional students
=546  \\$aEnglish
=650  \0$aBiology
=856  40$uhttps://www.jove.com/video/2283
=945  \\$aThe Whole World

