=LDR  00862ngm a2200000i 4500
=001  JoVEBiology2461
=008  161201s2016\\\\xx\\\\\g\\\\\\s\\\\\eng\d
=035  \\$a(OCoLC)733445860
=040  \\$aVaAlASP$cVaAlASP
=100  1\$aMewis,Keith
=245  12$aA High Throughput Screen for Biomining Cellulase Activity from Metagenomic Libraries$h[electronic resource]
=260  \\$aCambridge, MA$bMyJoVE Corp$c2016
=300  \\$aonline resource (621 seconds)
=490  0\$aBiology
=500  \\$aTitle from resource description page
=520  \\$aThis protocol describes a high throughput screen for cellulolytic activity from a metagenomic library expressed in Escherichia coli. The screen is solution based and highly automated, and uses one-pot chemistry in 384 well microplates with the final readout as an absorbance measurement.
=521  \\$aFor undergraduate, graduate, and professional students
=546  \\$aEnglish
=650  \0$aBiology
=856  40$uhttps://www.jove.com/video/2461
=945  \\$aThe Whole World

