=LDR  00770ngm a2200000i 4500
=001  JoVEBiology2336
=008  161201s2016\\\\xx\\\\\g\\\\\\s\\\\\eng\d
=035  \\$a(OCoLC)733445860
=040  \\$aVaAlASP$cVaAlASP
=100  1\$aSingaravelu,Gunasekaran
=245  12$aIsolation and In vitro Activation of Caenorhabditis elegans Sperm$h[electronic resource]
=260  \\$aCambridge, MA$bMyJoVE Corp$c2016
=300  \\$aonline resource (346 seconds)
=490  0\$aBiology
=500  \\$aTitle from resource description page
=520  \\$aA protocol for isolating and activating spermatids from male C. elegans is described here. Cutting the posterior end of male releases spermatids. The spermatids can be activated by addition of protease.
=521  \\$aFor undergraduate, graduate, and professional students
=546  \\$aEnglish
=650  \0$aBiology
=856  40$uhttps://www.jove.com/video/2336
=945  \\$aThe Whole World

