=LDR  00941ngm a2200000i 4500
=001  JoVEMedicine2508
=008  161201s2016\\\\xx\\\\\g\\\\\\s\\\\\eng\d
=035  \\$a(OCoLC)733445860
=040  \\$aVaAlASP$cVaAlASP
=100  1\$aVerschuren,Franck
=245  12$aExpired CO2 Measurement in Intubated or Spontaneously Breathing Patients from the Emergency Department$h[electronic resource]
=260  \\$aCambridge, MA$bMyJoVE Corp$c2016
=300  \\$aonline resource (472 seconds)
=490  0\$aMedicine
=500  \\$aTitle from resource description page
=520  \\$aThis video describes how to perform CO2 measurement in intubated as well as spontaneously breathing patients. The main clinical indications refer to emergency situations: (1) verifying adequate positioning of an endotracheal tube; (2) achieving normocapnia in trauma patients; (3) monitoring ventilation in the case of procedural sedation.
=521  \\$aFor undergraduate, graduate, and professional students
=546  \\$aEnglish
=650  \0$aMedicine
=856  40$uhttps://www.jove.com/video/2508
=945  \\$aThe Whole World

