=LDR  00909ngm a2200000i 4500
=001  JoVEBiology2327
=008  161201s2016\\\\xx\\\\\g\\\\\\s\\\\\eng\d
=035  \\$a(OCoLC)733445860
=040  \\$aVaAlASP$cVaAlASP
=100  1\$aRea,Matthew
=245  12$aDetermination of DNA Methylation of Imprinted Genes in Arabidopsis Endosperm$h[electronic resource]
=260  \\$aCambridge, MA$bMyJoVE Corp$c2016
=300  \\$aonline resource (563 seconds)
=490  0\$aBiology
=500  \\$aTitle from resource description page
=520  \\$aImprinting is a phenomenon in plant and mammal reproduction. DNA methylation plays an important role in mechanisms of imprinting. Isolating endosperm and determining methylation status of imprinted genes in Arabidopsis can be difficult. In this protocol, we describe how to isolate endosperm and determine methylation by bisulfite sequencing.
=521  \\$aFor undergraduate, graduate, and professional students
=546  \\$aEnglish
=650  \0$aBiology
=856  40$uhttps://www.jove.com/video/2327
=945  \\$aThe Whole World

