=LDR  00862ngm a2200000i 4500
=001  JoVEMedicine2377
=008  161201s2016\\\\xx\\\\\g\\\\\\s\\\\\eng\d
=035  \\$a(OCoLC)733445860
=040  \\$aVaAlASP$cVaAlASP
=100  1\$aPrajapati,Suresh I.
=245  12$aContrast Enhanced Vessel Imaging using MicroCT$h[electronic resource]
=260  \\$aCambridge, MA$bMyJoVE Corp$c2016
=300  \\$aonline resource (350 seconds)
=490  0\$aMedicine
=500  \\$aTitle from resource description page
=520  \\$aContrast enhanced small animal vessel imaging by microCT is a rapid, cost-effective and high-throughput technique for serial in situ examination for tumor development, for analyzing the network of blood vessels that nourish them, and for following the response of tumors to preclinical therapeutic intervention(s).
=521  \\$aFor undergraduate, graduate, and professional students
=546  \\$aEnglish
=650  \0$aMedicine
=856  40$uhttps://www.jove.com/video/2377
=945  \\$aThe Whole World

