=LDR  00799ngm a2200000i 4500
=001  JoVEMedicine2303
=008  161201s2016\\\\xx\\\\\g\\\\\\s\\\\\eng\d
=035  \\$a(OCoLC)733445860
=040  \\$aVaAlASP$cVaAlASP
=100  1\$aNijagal,Amar
=245  12$aA Mouse Model of in Utero Transplantation$h[electronic resource]
=260  \\$aCambridge, MA$bMyJoVE Corp$c2016
=300  \\$aonline resource (551 seconds)
=490  0\$aMedicine
=500  \\$aTitle from resource description page
=520  \\$aThe mouse model of in utero transplantation is a versatile tool that can be used to study the potential clinical applications of stem cell transplantation and gene therapy in the fetus.  In this protocol, we present a general approach to performing this technique
=521  \\$aFor undergraduate, graduate, and professional students
=546  \\$aEnglish
=650  \0$aMedicine
=856  40$uhttps://www.jove.com/video/2303
=945  \\$aThe Whole World

