=LDR  00842ngm a2200000i 4500
=001  JoVEBiology2352
=008  161201s2016\\\\xx\\\\\g\\\\\\s\\\\\eng\d
=035  \\$a(OCoLC)733445860
=040  \\$aVaAlASP$cVaAlASP
=100  1\$aFeliciano,Daniel
=245  12$aIn vivo and in vitro Studies of Adaptor-clathrin Interaction$h[electronic resource]
=260  \\$aCambridge, MA$bMyJoVE Corp$c2016
=300  \\$aonline resource (1034 seconds)
=490  0\$aBiology
=500  \\$aTitle from resource description page
=520  \\$aClathrin-mediated endocytosis depends on adaptor proteins that coordinate cargo selection and clathrin coat assembly. Here we describe procedures to study adaptor-clathrin physical interaction and live cell imaging approaches using as a model the yeast endocytic adaptor protein Sla1p.
=521  \\$aFor undergraduate, graduate, and professional students
=546  \\$aEnglish
=650  \0$aBiology
=856  40$uhttps://www.jove.com/video/2352
=945  \\$aThe Whole World

