=LDR  00826ngm a2200000i 4500
=001  JoVEBiology2332
=008  161201s2016\\\\xx\\\\\g\\\\\\s\\\\\eng\d
=035  \\$a(OCoLC)733445860
=040  \\$aVaAlASP$cVaAlASP
=100  1\$aJohnson,Cory
=245  12$aEnvironmentally Induced Heritable Changes in Flax$h[electronic resource]
=260  \\$aCambridge, MA$bMyJoVE Corp$c2016
=300  \\$aonline resource (490 seconds)
=490  0\$aBiology
=500  \\$aTitle from resource description page
=520  \\$aGrowing some flax varieties under nutrient stress results in genomic variation within a subset of the genome and phenotypic variation. A complex insertion at a specific site is associated with growth under various nutrient regimes and with changes in gene expression around this site. 
=521  \\$aFor undergraduate, graduate, and professional students
=546  \\$aEnglish
=650  \0$aBiology
=856  40$uhttps://www.jove.com/video/2332
=945  \\$aThe Whole World

