=LDR  00726ngm a2200000i 4500
=001  JoVEMedicine2455
=008  161201s2016\\\\xx\\\\\g\\\\\\s\\\\\eng\d
=035  \\$a(OCoLC)733445860
=040  \\$aVaAlASP$cVaAlASP
=100  1\$aSkeie,Jessica M.
=245  12$aDissection of Human Vitreous Body Elements for Proteomic Analysis$h[electronic resource]
=260  \\$aCambridge, MA$bMyJoVE Corp$c2016
=300  \\$aonline resource (305 seconds)
=490  0\$aMedicine
=500  \\$aTitle from resource description page
=520  \\$aThis video shows an effective technique for differentiating and dissecting the various semi-transparent structures of the human vitreous body in post mortem eyes.
=521  \\$aFor undergraduate, graduate, and professional students
=546  \\$aEnglish
=650  \0$aMedicine
=856  40$uhttps://www.jove.com/video/2455
=945  \\$aThe Whole World

