=LDR  00929ngm a2200000i 4500
=001  JoVEMedicine2414
=008  161201s2016\\\\xx\\\\\g\\\\\\s\\\\\eng\d
=035  \\$a(OCoLC)733445860
=040  \\$aVaAlASP$cVaAlASP
=100  1\$aSurati,Mosmi
=245  12$aGeneration of Comprehensive Thoracic Oncology Database - Tool for Translational Research$h[electronic resource]
=260  \\$aCambridge, MA$bMyJoVE Corp$c2016
=300  \\$aonline resource (678 seconds)
=490  0\$aMedicine
=500  \\$aTitle from resource description page
=520  \\$aA thoracic oncology database was developed to serve as a comprehensive repository for clinical and laboratory data for the purposes of translational research. The database will serve translational cancer researchers within the Thoracic Oncology Research Program. This database is adaptable to other cancer models, as well as other human diseases.
=521  \\$aFor undergraduate, graduate, and professional students
=546  \\$aEnglish
=650  \0$aMedicine
=856  40$uhttps://www.jove.com/video/2414
=945  \\$aThe Whole World

