=LDR  00834ngm a2200000i 4500
=001  JoVEBiology2314
=008  161201s2016\\\\xx\\\\\g\\\\\\s\\\\\eng\d
=035  \\$a(OCoLC)733445860
=040  \\$aVaAlASP$cVaAlASP
=100  1\$aSenatore,Adriano
=245  12$aOptimized Transfection Strategy for Expression and Electrophysiological Recording of Recombinant Voltage-Gated Ion Channels in HEK-293T Cells$h[electronic resource]
=260  \\$aCambridge, MA$bMyJoVE Corp$c2016
=300  \\$aonline resource (779 seconds)
=490  0\$aBiology
=500  \\$aTitle from resource description page
=520  \\$aReliable method for highly efficient in vitro expression and subsequent electrophysiological recording of recombinant voltage-gated ion channels in cultured human embryonic kidney cells (HEK-293T).
=521  \\$aFor undergraduate, graduate, and professional students
=546  \\$aEnglish
=650  \0$aBiology
=856  40$uhttps://www.jove.com/video/2314
=945  \\$aThe Whole World

