=LDR  00980ngm a2200000i 4500
=001  JoVEBiology2247
=008  161201s2016\\\\xx\\\\\g\\\\\\s\\\\\eng\d
=035  \\$a(OCoLC)733445860
=040  \\$aVaAlASP$cVaAlASP
=100  1\$aStoneman,Michael
=245  12$aIn vivo Quantification of G Protein Coupled Receptor Interactions using Spectrally Resolved Two-photon Microscopy$h[electronic resource]
=260  \\$aCambridge, MA$bMyJoVE Corp$c2016
=300  \\$aonline resource (866 seconds)
=490  0\$aBiology
=500  \\$aTitle from resource description page
=520  \\$aBy employing a spectrally resolved two-photon microscopy imaging system, pixel-level maps of Förster Resonance Energy Transfer (FRET) efficiencies are obtained for cells expressing membrane receptors hypothesized to form homo-oligomeric complexes.  From the FRET efficiency maps, we are able to estimate stoichiometric information about the oligomer complex under study.
=521  \\$aFor undergraduate, graduate, and professional students
=546  \\$aEnglish
=650  \0$aBiology
=856  40$uhttps://www.jove.com/video/2247
=945  \\$aThe Whole World

