=LDR  00858ngm a2200000i 4500
=001  JoVEBiology2325
=008  161201s2016\\\\xx\\\\\g\\\\\\s\\\\\eng\d
=035  \\$a(OCoLC)733445860
=040  \\$aVaAlASP$cVaAlASP
=100  1\$aRobinson,Martha M.
=245  12$aModeling Biological Membranes with Circuit Boards and Measuring Electrical Signals in Axons: Student Laboratory Exercises$h[electronic resource]
=260  \\$aCambridge, MA$bMyJoVE Corp$c2016
=300  \\$aonline resource (836 seconds)
=490  0\$aBiology
=500  \\$aTitle from resource description page
=520  \\$aThis is a demonstration of how biological membranes can be understood  using electrical models. We also demonstrate procedures for recording action potentials from the ventral nerve cord of the crayfish for student orientated laboratories.
=521  \\$aFor undergraduate, graduate, and professional students
=546  \\$aEnglish
=650  \0$aBiology
=856  40$uhttps://www.jove.com/video/2325
=945  \\$aThe Whole World

