=LDR  00705ngm a2200000i 4500
=001  JoVEMedicine2364
=008  161201s2016\\\\xx\\\\\g\\\\\\s\\\\\eng\d
=035  \\$a(OCoLC)733445860
=040  \\$aVaAlASP$cVaAlASP
=100  1\$aKaddoum,Roland N.
=245  12$aGuidelines for Elective Pediatric Fiberoptic Intubation$h[electronic resource]
=260  \\$aCambridge, MA$bMyJoVE Corp$c2016
=300  \\$aonline resource (679 seconds)
=490  0\$aMedicine
=500  \\$aTitle from resource description page
=520  \\$aWe describe guidelines to perform a safe and efficient elective fiberoptic intubation in pediatric patients while maintaining spontaneous ventilation.
=521  \\$aFor undergraduate, graduate, and professional students
=546  \\$aEnglish
=650  \0$aMedicine
=856  40$uhttps://www.jove.com/video/2364
=945  \\$aThe Whole World

