=LDR  00793ngm a2200000i 4500
=001  JoVEMedicine1421
=008  161201s2016\\\\xx\\\\\g\\\\\\s\\\\\eng\d
=035  \\$a(OCoLC)733445860
=040  \\$aVaAlASP$cVaAlASP
=100  1\$aZestos,Maria M.
=245  12$aA Novel Rescue Technique for Difficult Intubation and Difficult Ventilation$h[electronic resource]
=260  \\$aCambridge, MA$bMyJoVE Corp$c2016
=300  \\$aonline resource (286 seconds)
=490  0\$aMedicine
=500  \\$aTitle from resource description page
=520  \\$aWe describe a technique to maintain oxygenation and ventilation using an endotracheal tube inserted nasally to the level of the naso-pharynx while sealing the mouth and nares for successful positive pressure ventilation.
=521  \\$aFor undergraduate, graduate, and professional students
=546  \\$aEnglish
=650  \0$aMedicine
=856  40$uhttps://www.jove.com/video/1421
=945  \\$aThe Whole World

