=LDR  00914ngm a2200000i 4500
=001  JoVEMedicine2317
=008  161201s2016\\\\xx\\\\\g\\\\\\s\\\\\eng\d
=035  \\$a(OCoLC)733445860
=040  \\$aVaAlASP$cVaAlASP
=100  1\$aKarim,Shah M. R.
=245  12$aA Novel Technique of Rescuing Capsulorhexis Radial Tear-out using a Cystotome$h[electronic resource]
=260  \\$aCambridge, MA$bMyJoVE Corp$c2016
=300  \\$aonline resource (278 seconds)
=490  0\$aMedicine
=500  \\$aTitle from resource description page
=520  \\$aCapsulorhexis is an important step in phacoemulsification surgery. A surgeon creates a continous curvilinear tear on the anterior lens capsule by controlling the tearing vector forces. A peripherally extended tear is a serious complication. This video demonstrates a novel technique of rescuing capsular radial tear out using a cystotome.
=521  \\$aFor undergraduate, graduate, and professional students
=546  \\$aEnglish
=650  \0$aMedicine
=856  40$uhttps://www.jove.com/video/2317
=945  \\$aThe Whole World

