=LDR  00920ngm a2200000i 4500
=001  JoVEBiology2285
=008  161201s2016\\\\xx\\\\\g\\\\\\s\\\\\eng\d
=035  \\$a(OCoLC)733445860
=040  \\$aVaAlASP$cVaAlASP
=100  1\$aDessau,Moshe A.
=245  12$aProtein Crystallization for X-ray Crystallography$h[electronic resource]
=260  \\$aCambridge, MA$bMyJoVE Corp$c2016
=300  \\$aonline resource (567 seconds)
=490  0\$aBiology
=500  \\$aTitle from resource description page
=520  \\$aThe 3-D structure of a molecule provides a unique understanding of how the molecule functions. The principal method for structure determination at near-atomic resolution is X-ray crystallography. Here, we demonstrate the current methods for obtaining three-dimensional crystals of any given macromolecule that are suitable for structure determination by X-ray crystallography.
=521  \\$aFor undergraduate, graduate, and professional students
=546  \\$aEnglish
=650  \0$aBiology
=856  40$uhttps://www.jove.com/video/2285
=945  \\$aThe Whole World

