=LDR  00701ngm a2200000i 4500
=001  JoVEBiology2214
=008  161201s2016\\\\xx\\\\\g\\\\\\s\\\\\eng\d
=035  \\$a(OCoLC)733445860
=040  \\$aVaAlASP$cVaAlASP
=100  1\$aT. Afshari,Fardad
=245  12$aAnalysis of Schwann-astrocyte Interactions Using In Vitro Assays$h[electronic resource]
=260  \\$aCambridge, MA$bMyJoVE Corp$c2016
=300  \\$aonline resource (617 seconds)
=490  0\$aBiology
=500  \\$aTitle from resource description page
=520  \\$aThis article intends to describe in stepwise fashion the commonly used in vitro assays used in studying Schwann cell-asrtocyte interactions.
=521  \\$aFor undergraduate, graduate, and professional students
=546  \\$aEnglish
=650  \0$aBiology
=856  40$uhttps://www.jove.com/video/2214
=945  \\$aThe Whole World

