=LDR  00999ngm a2200000i 4500
=001  JoVEMedicine2226
=008  161201s2016\\\\xx\\\\\g\\\\\\s\\\\\eng\d
=035  \\$a(OCoLC)733445860
=040  \\$aVaAlASP$cVaAlASP
=100  1\$aKeightley,Michelle
=245  12$aAn Investigation of the Effects of Sports-related Concussion in Youth Using Functional Magnetic Resonance Imaging and the Head Impact Telemetry System$h[electronic resource]
=260  \\$aCambridge, MA$bMyJoVE Corp$c2016
=300  \\$aonline resource (422 seconds)
=490  0\$aMedicine
=500  \\$aTitle from resource description page
=520  \\$aThis article provides an overview of a multi-modal approach to mild traumatic brain injury diagnosis and recovery in youth.  This approach combines neuropsychological testing with functional magnetic resonance imaging and the Head Impact Telemetry System to monitor the relationship between head impacts and brain activity during cognitive testing.
=521  \\$aFor undergraduate, graduate, and professional students
=546  \\$aEnglish
=650  \0$aMedicine
=856  40$uhttps://www.jove.com/video/2226
=945  \\$aThe Whole World

