=LDR  00884ngm a2200000i 4500
=001  JoVEBiology2382
=008  161201s2016\\\\xx\\\\\g\\\\\\s\\\\\eng\d
=035  \\$a(OCoLC)733445860
=040  \\$aVaAlASP$cVaAlASP
=100  1\$aJeffery,Felicia
=245  12$aMicrodissection of Black Widow Spider Silk-producing Glands$h[electronic resource]
=260  \\$aCambridge, MA$bMyJoVE Corp$c2016
=300  \\$aonline resource (587 seconds)
=490  0\$aBiology
=500  \\$aTitle from resource description page
=520  \\$aHere we describe an efficient strategy to remove the silk-producing glands from the abdomen of female black widow spiders.  This procedure allows the rapid isolation of the seven distinct silk-producing glands in a highly purified fashion, an important process for investigators studying spider silk production and fiber assembly.
=521  \\$aFor undergraduate, graduate, and professional students
=546  \\$aEnglish
=650  \0$aBiology
=856  40$uhttps://www.jove.com/video/2382
=945  \\$aThe Whole World

