=LDR  00886ngm a2200000i 4500
=001  JoVEBiology2331
=008  161201s2016\\\\xx\\\\\g\\\\\\s\\\\\eng\d
=035  \\$a(OCoLC)733445860
=040  \\$aVaAlASP$cVaAlASP
=100  1\$aZhang,Yue
=245  12$aThe Production of C. elegans Transgenes via Recombineering with the galK Selectable Marker$h[electronic resource]
=260  \\$aCambridge, MA$bMyJoVE Corp$c2016
=300  \\$aonline resource (723 seconds)
=490  0\$aBiology
=500  \\$aTitle from resource description page
=520  \\$aThe ability to produce transgenes for Caenorhabditis elegans using genomic DNA carried by fosmids is particularly attractive as all of the native regulatory elements are retained. Described is a simple and robust procedure for the production of transgenes via recombineering with the galK selectable marker.
=521  \\$aFor undergraduate, graduate, and professional students
=546  \\$aEnglish
=650  \0$aBiology
=856  40$uhttps://www.jove.com/video/2331
=945  \\$aThe Whole World

