=LDR  00872ngm a2200000i 4500
=001  JoVEBiology2293
=008  161201s2016\\\\xx\\\\\g\\\\\\s\\\\\eng\d
=035  \\$a(OCoLC)733445860
=040  \\$aVaAlASP$cVaAlASP
=100  1\$aChaudhuri,Jyotiska
=245  12$aAn Introduction to Worm Lab: from Culturing Worms to Mutagenesis$h[electronic resource]
=260  \\$aCambridge, MA$bMyJoVE Corp$c2016
=300  \\$aonline resource (644 seconds)
=490  0\$aBiology
=500  \\$aTitle from resource description page
=520  \\$aScreening for mutants with phenotypic defects is a straightforward method for identifying genes that function in a given biological process. In this article we describe how to culture free living worms (e.g., Pristionchus pacificus) in the laboratory and show two different mutagenesis methods, EMS and TMP/UV.
=521  \\$aFor undergraduate, graduate, and professional students
=546  \\$aEnglish
=650  \0$aBiology
=856  40$uhttps://www.jove.com/video/2293
=945  \\$aThe Whole World

