=LDR  00819ngm a2200000i 4500
=001  JoVEBiology2269
=008  161201s2016\\\\xx\\\\\g\\\\\\s\\\\\eng\d
=035  \\$a(OCoLC)733445860
=040  \\$aVaAlASP$cVaAlASP
=100  1\$aYang,Junqiu
=245  12$aPatch Clamp and Perfusion Techniques for Studying Ion Channels Expressed in Xenopus oocytes$h[electronic resource]
=260  \\$aCambridge, MA$bMyJoVE Corp$c2016
=300  \\$aonline resource (619 seconds)
=490  0\$aBiology
=500  \\$aTitle from resource description page
=520  \\$aIonic current of BK channels is recorded using patch clamp techniques. BK channels are expressed in Xenopus oocytes by injecting messenger RNA. The intracellular solution during patch clamp recordings is controlled by a perfusion system.
=521  \\$aFor undergraduate, graduate, and professional students
=546  \\$aEnglish
=650  \0$aBiology
=856  40$uhttps://www.jove.com/video/2269
=945  \\$aThe Whole World

