=LDR  00935ngm a2200000i 4500
=001  JoVEBiology2466
=008  161201s2016\\\\xx\\\\\g\\\\\\s\\\\\eng\d
=035  \\$a(OCoLC)733445860
=040  \\$aVaAlASP$cVaAlASP
=100  1\$aHolmes,Katie E.
=245  12$aDirect Delivery of MIF Morpholinos Into the Zebrafish Otocyst by Injection and Electroporation Affects Inner Ear Development$h[electronic resource]
=260  \\$aCambridge, MA$bMyJoVE Corp$c2016
=300  \\$aonline resource (640 seconds)
=490  0\$aBiology
=500  \\$aTitle from resource description page
=520  \\$aA method to deliver morpholinos directly into the zebrafish otocyst at 24hpf has been developed.   Using microinjection of morpholinos into the lumen of otic vesicle and electroporation to effect penetration, we were able to bypass the effect of morpholinos on the brain and obtain effects specific to the inner ear.
=521  \\$aFor undergraduate, graduate, and professional students
=546  \\$aEnglish
=650  \0$aBiology
=856  40$uhttps://www.jove.com/video/2466
=945  \\$aThe Whole World

