=LDR  00746ngm a2200000i 4500
=001  JoVEBiology2586
=008  161201s2016\\\\xx\\\\\g\\\\\\s\\\\\eng\d
=035  \\$a(OCoLC)733445860
=040  \\$aVaAlASP$cVaAlASP
=100  1\$aPritchett-Corning,Kathleen R.
=245  12$aPrinciples of Rodent Surgery for the New Surgeon$h[electronic resource]
=260  \\$aCambridge, MA$bMyJoVE Corp$c2016
=300  \\$aonline resource (629 seconds)
=490  0\$aBiology
=500  \\$aTitle from resource description page
=520  \\$aBefore attempting surgery, a new surgeon should have training in basic surgical techniques and concepts. This article will present basic surgical considerations with an emphasis on rodents.
=521  \\$aFor undergraduate, graduate, and professional students
=546  \\$aEnglish
=650  \0$aBiology
=856  40$uhttps://www.jove.com/video/2586
=945  \\$aThe Whole World

