=LDR  00684ngm a2200000i 4500
=001  JoVEMedicine2423
=008  161201s2016\\\\xx\\\\\g\\\\\\s\\\\\eng\d
=035  \\$a(OCoLC)733445860
=040  \\$aVaAlASP$cVaAlASP
=100  1\$aEngel,Odilo
=245  12$aModeling Stroke in Mice - Middle Cerebral Artery Occlusion with the Filament Model$h[electronic resource]
=260  \\$aCambridge, MA$bMyJoVE Corp$c2016
=300  \\$aonline resource (388 seconds)
=490  0\$aMedicine
=500  \\$aTitle from resource description page
=520  \\$aFilamentous occlusion of  the Middle cerebral artery is a common model for studying ischemic stroke in mice.
=521  \\$aFor undergraduate, graduate, and professional students
=546  \\$aEnglish
=650  \0$aMedicine
=856  40$uhttps://www.jove.com/video/2423
=945  \\$aThe Whole World

