=LDR  00924ngm a2200000i 4500
=001  JoVEMedicine2156
=008  161201s2016\\\\xx\\\\\g\\\\\\s\\\\\eng\d
=035  \\$a(OCoLC)733445860
=040  \\$aVaAlASP$cVaAlASP
=100  1\$aGale,John T.
=245  12$aIntra-Operative Behavioral Tasks in Awake Humans Undergoing Deep Brain Stimulation Surgery$h[electronic resource]
=260  \\$aCambridge, MA$bMyJoVE Corp$c2016
=300  \\$aonline resource (724 seconds)
=490  0\$aMedicine
=500  \\$aTitle from resource description page
=520  \\$aDeep brain stimulation surgery offers a unique opportunity to examine information encoding in the awake human brain.  This article will describe intra-operative methods used to perform cognitive and behavioral tasks while simultaneously acquiring physiological data such as EMG, single-unit neuronal activity and/or local field potentials.
=521  \\$aFor undergraduate, graduate, and professional students
=546  \\$aEnglish
=650  \0$aMedicine
=856  40$uhttps://www.jove.com/video/2156
=945  \\$aThe Whole World

