=LDR  00859ngm a2200000i 4500
=001  JoVEBiology2407
=008  161201s2016\\\\xx\\\\\g\\\\\\s\\\\\eng\d
=035  \\$a(OCoLC)733445860
=040  \\$aVaAlASP$cVaAlASP
=100  1\$aPueschel,Laura
=245  12$aStreamlined Purification of Plasmid DNA From Prokaryotic Cultures$h[electronic resource]
=260  \\$aCambridge, MA$bMyJoVE Corp$c2016
=300  \\$aonline resource (413 seconds)
=490  0\$aBiology
=500  \\$aTitle from resource description page
=520  \\$aThis protocol is a cost effective alternative for efficient parallel clarification and plasmid DNA purification from E. coli cultures. The AcroPrep Advance process starts with an optimized lysate clarification filter plate followed by purification on a high binding capacity DNA binding filter plate.
=521  \\$aFor undergraduate, graduate, and professional students
=546  \\$aEnglish
=650  \0$aBiology
=856  40$uhttps://www.jove.com/video/2407
=945  \\$aThe Whole World

