=LDR  00798ngm a2200000i 4500
=001  JoVEMedicine2194
=008  161201s2016\\\\xx\\\\\g\\\\\\s\\\\\eng\d
=035  \\$a(OCoLC)733445860
=040  \\$aVaAlASP$cVaAlASP
=100  1\$aTavakoli,Mitra
=245  12$aCorneal Confocal Microscopy: A Novel Non-invasive Technique to Quantify Small Fibre Pathology in Peripheral Neuropathies$h[electronic resource]
=260  \\$aCambridge, MA$bMyJoVE Corp$c2016
=300  \\$aonline resource (689 seconds)
=490  0\$aMedicine
=500  \\$aTitle from resource description page
=520  \\$aCorneal Confocal microscopy is a non-invasive clinical technique which may be used to quantify C fibre damage to diagnose and stratify patients with increasing neuropathic severity.
=521  \\$aFor undergraduate, graduate, and professional students
=546  \\$aEnglish
=650  \0$aMedicine
=856  40$uhttps://www.jove.com/video/2194
=945  \\$aThe Whole World

