=LDR  00781ngm a2200000i 4500
=001  JoVEBiology2243
=008  161201s2016\\\\xx\\\\\g\\\\\\s\\\\\eng\d
=035  \\$a(OCoLC)733445860
=040  \\$aVaAlASP$cVaAlASP
=100  1\$aHao,Jijun
=245  12$aLarge Scale Zebrafish-Based In vivo Small Molecule Screen$h[electronic resource]
=260  \\$aCambridge, MA$bMyJoVE Corp$c2016
=300  \\$aonline resource (423 seconds)
=490  0\$aBiology
=500  \\$aTitle from resource description page
=520  \\$aZebrafish has emerged as a powerful in vivo platform for phenotype-based drug screens and chemical genetic analysis.  Here, we demonstrate a simple, practical method for large-scale screening of small molecules using zebrafish embryos.
=521  \\$aFor undergraduate, graduate, and professional students
=546  \\$aEnglish
=650  \0$aBiology
=856  40$uhttps://www.jove.com/video/2243
=945  \\$aThe Whole World

