=LDR  00714ngm a2200000i 4500
=001  JoVEBiology2129
=008  161201s2016\\\\xx\\\\\g\\\\\\s\\\\\eng\d
=035  \\$a(OCoLC)733445860
=040  \\$aVaAlASP$cVaAlASP
=100  1\$aMiller,Audra L.E.
=245  12$aBioassays for Monitoring Insecticide Resistance$h[electronic resource]
=260  \\$aCambridge, MA$bMyJoVE Corp$c2016
=300  \\$aonline resource (390 seconds)
=490  0\$aBiology
=500  \\$aTitle from resource description page
=520  \\$aThis manuscript demonstrates and discusses techniques used to survey pesticide susceptibility and detect resistance to contact and systemic pesticides in arthropod pests.
=521  \\$aFor undergraduate, graduate, and professional students
=546  \\$aEnglish
=650  \0$aBiology
=856  40$uhttps://www.jove.com/video/2129
=945  \\$aThe Whole World

