=LDR  01005ngm a2200000i 4500
=001  JoVEBiology2190
=008  161201s2016\\\\xx\\\\\g\\\\\\s\\\\\eng\d
=035  \\$a(OCoLC)733445860
=040  \\$aVaAlASP$cVaAlASP
=100  1\$aHusseneder,Claudia
=245  12$aTesting Protozoacidal Activity of Ligand-lytic Peptides Against Termite Gut Protozoa in vitro (Protozoa Culture) and in vivo (Microinjection into Termite Hindgut)$h[electronic resource]
=260  \\$aCambridge, MA$bMyJoVE Corp$c2016
=300  \\$aonline resource (1056 seconds)
=490  0\$aBiology
=500  \\$aTitle from resource description page
=520  \\$aWe present procedures for demonstrating that ligands bind to the surface membrane of the cellulose-digesting protozoa in the gut of Formosan subterranean termites using fluorescent microscopy and that ligands coupled with lytic peptides kill these protozoa in vitro (anaerobic protozoa culture) and in vivo (injection into the termite hindgut).
=521  \\$aFor undergraduate, graduate, and professional students
=546  \\$aEnglish
=650  \0$aBiology
=856  40$uhttps://www.jove.com/video/2190
=945  \\$aThe Whole World

