=LDR  00793ngm a2200000i 4500
=001  JoVEBiology2158
=008  161201s2016\\\\xx\\\\\g\\\\\\s\\\\\eng\d
=035  \\$a(OCoLC)733445860
=040  \\$aVaAlASP$cVaAlASP
=100  1\$aGould,Russell A.
=245  12$aIsolation of Valvular Endothelial Cells$h[electronic resource]
=260  \\$aCambridge, MA$bMyJoVE Corp$c2016
=300  \\$aonline resource (664 seconds)
=490  0\$aBiology
=500  \\$aTitle from resource description page
=520  \\$aWe provide a method for isolating and culturing pure populations of heart valve endothelial cells (VEC).  VEC can be isolated from either side of the cusp or leaflet and immediately following, underlying interstitial cell (VIC) isolation is straightforward. 
=521  \\$aFor undergraduate, graduate, and professional students
=546  \\$aEnglish
=650  \0$aBiology
=856  40$uhttps://www.jove.com/video/2158
=945  \\$aThe Whole World

