=LDR  00861ngm a2200000i 4500
=001  JoVEBiology2438
=008  161201s2016\\\\xx\\\\\g\\\\\\s\\\\\eng\d
=035  \\$a(OCoLC)733445860
=040  \\$aVaAlASP$cVaAlASP
=100  1\$aKucherenko,Mariya M.
=245  12$aParaffin-Embedded and Frozen Sections of Drosophila Adult Muscles$h[electronic resource]
=260  \\$aCambridge, MA$bMyJoVE Corp$c2016
=300  \\$aonline resource (448 seconds)
=490  0\$aBiology
=500  \\$aTitle from resource description page
=520  \\$aIdentification of mechanisms underlying muscle damage is crucial. Here we present the histological technique for preparing paraffin-embedded and frozen sections of Drosophila thoracic muscles. This allows analysis of muscle morphology and localization of protein and other muscle cell components.
=521  \\$aFor undergraduate, graduate, and professional students
=546  \\$aEnglish
=650  \0$aBiology
=856  40$uhttps://www.jove.com/video/2438
=945  \\$aThe Whole World

