=LDR  00852ngm a2200000i 4500
=001  JoVEBiology1902
=008  161201s2016\\\\xx\\\\\g\\\\\\s\\\\\eng\d
=035  \\$a(OCoLC)733445860
=040  \\$aVaAlASP$cVaAlASP
=100  1\$aRussek-Blum,Niva
=245  12$aTwo-Photon-Based Photoactivation in Live Zebrafish Embryos$h[electronic resource]
=260  \\$aCambridge, MA$bMyJoVE Corp$c2016
=300  \\$aonline resource (550 seconds)
=490  0\$aBiology
=500  \\$aTitle from resource description page
=520  \\$aMultiphoton microscopy allows control of low energy photons with deep optical penetration and reduced phototoxicity.  We describe the use of this technology for live cell labeling in zebrafish embryos.  This protocol can be readily adapted for photo-induction of various light-responsive molecules.
=521  \\$aFor undergraduate, graduate, and professional students
=546  \\$aEnglish
=650  \0$aBiology
=856  40$uhttps://www.jove.com/video/1902
=945  \\$aThe Whole World

