=LDR  01077ngm a2200000i 4500
=001  JoVEBiology2055
=008  161201s2016\\\\xx\\\\\g\\\\\\s\\\\\eng\d
=035  \\$a(OCoLC)733445860
=040  \\$aVaAlASP$cVaAlASP
=100  1\$aPorazinski,Sean R.
=245  12$aDechorionation of Medaka Embryos and Cell Transplantation for the Generation of Chimeras$h[electronic resource]
=260  \\$aCambridge, MA$bMyJoVE Corp$c2016
=300  \\$aonline resource (543 seconds)
=490  0\$aBiology
=500  \\$aTitle from resource description page
=520  \\$aDue to the hard chorion and soft embryos, manipulation of medaka embryos is more involved than in zebrafish. This video shows step-by-step procedures for how to manipulate medaka embryos, including dechorionation, mounting in agarose for imaging and cell transplantation for the production of chimeras. These procedures are essential to use medaka and zebrafish in a laboratory to take full advantage of their complementary features for the genetic dissection of vertebrate genome functions.
=521  \\$aFor undergraduate, graduate, and professional students
=546  \\$aEnglish
=650  \0$aBiology
=856  40$uhttps://www.jove.com/video/2055
=945  \\$aThe Whole World

