=LDR  00856ngm a2200000i 4500
=001  JoVEBiology1937
=008  161201s2016\\\\xx\\\\\g\\\\\\s\\\\\eng\d
=035  \\$a(OCoLC)733445860
=040  \\$aVaAlASP$cVaAlASP
=100  1\$aPorazinski,Sean R.
=245  12$aMicroinjection of Medaka Embryos for use as a Model Genetic Organism$h[electronic resource]
=260  \\$aCambridge, MA$bMyJoVE Corp$c2016
=300  \\$aonline resource (445 seconds)
=490  0\$aBiology
=500  \\$aTitle from resource description page
=520  \\$aMedaka and zebrafish are complementary for genetic dissection of vertebrate genome functions. This protocol highlights the key points for successful microinjection into medaka embryos, an important technique for embryological and genetic analysis using medaka and zebrafish in a laboratory.
=521  \\$aFor undergraduate, graduate, and professional students
=546  \\$aEnglish
=650  \0$aBiology
=856  40$uhttps://www.jove.com/video/1937
=945  \\$aThe Whole World

