=LDR  00778ngm a2200000i 4500
=001  JoVEBiology2220
=008  161201s2016\\\\xx\\\\\g\\\\\\s\\\\\eng\d
=035  \\$a(OCoLC)733445860
=040  \\$aVaAlASP$cVaAlASP
=100  1\$aJeiranian,H. Arthur
=245  12$aVisualization of UV-induced Replication Intermediates in E. coli using Two-dimensional Agarose-gel Analysis$h[electronic resource]
=260  \\$aCambridge, MA$bMyJoVE Corp$c2016
=300  \\$aonline resource (636 seconds)
=490  0\$aBiology
=500  \\$aTitle from resource description page
=520  \\$aWe present a procedure by which two-dimensional agarose-gel analysis can be used to identify the structure of replication intermediates that occur following UV irradiation.
=521  \\$aFor undergraduate, graduate, and professional students
=546  \\$aEnglish
=650  \0$aBiology
=856  40$uhttps://www.jove.com/video/2220
=945  \\$aThe Whole World

