=LDR  00780ngm a2200000i 4500
=001  JoVEBiology2346
=008  161201s2016\\\\xx\\\\\g\\\\\\s\\\\\eng\d
=035  \\$a(OCoLC)733445860
=040  \\$aVaAlASP$cVaAlASP
=100  1\$aThakur,Pratima
=245  12$aWhole-Cell Recording of Calcium Release-Activated Calcium (CRAC) Currents in Human T Lymphocytes$h[electronic resource]
=260  \\$aCambridge, MA$bMyJoVE Corp$c2016
=300  \\$aonline resource (929 seconds)
=490  0\$aBiology
=500  \\$aTitle from resource description page
=520  \\$aWe provide a step-by-step protocol for whole-cell patch clamp recording of Calcium Release-Activated Calcium (CRAC) currents in peripheral blood mononuclear cell-derived human T lymphocytes.
=521  \\$aFor undergraduate, graduate, and professional students
=546  \\$aEnglish
=650  \0$aBiology
=856  40$uhttps://www.jove.com/video/2346
=945  \\$aThe Whole World

