=LDR  00726ngm a2200000i 4500
=001  JoVEMedicine2378
=008  161201s2016\\\\xx\\\\\g\\\\\\s\\\\\eng\d
=035  \\$a(OCoLC)733445860
=040  \\$aVaAlASP$cVaAlASP
=100  1\$aRajendran,Simon
=245  12$aEx Vivo Culture of Patient Tissue & Examination of Gene Delivery$h[electronic resource]
=260  \\$aCambridge, MA$bMyJoVE Corp$c2016
=300  \\$aonline resource (300 seconds)
=490  0\$aMedicine
=500  \\$aTitle from resource description page
=520  \\$aThis article describes the culture of patient tissue slices for gene delivery studies and subsequent analysis of gene expression using IVIS bioluminescence imaging.
=521  \\$aFor undergraduate, graduate, and professional students
=546  \\$aEnglish
=650  \0$aMedicine
=856  40$uhttps://www.jove.com/video/2378
=945  \\$aThe Whole World

