=LDR  01014ngm a2200000i 4500
=001  JoVEBiology2264
=008  161201s2016\\\\xx\\\\\g\\\\\\s\\\\\eng\d
=035  \\$a(OCoLC)733445860
=040  \\$aVaAlASP$cVaAlASP
=100  1\$aLenz,Thomas
=245  12$aProfiling of Methyltransferases and Other S-adenosyl-L-homocysteine-binding Proteins by Capture Compound Mass Spectrometry (CCMS)$h[electronic resource]
=260  \\$aCambridge, MA$bMyJoVE Corp$c2016
=300  \\$aonline resource (1032 seconds)
=490  0\$aBiology
=500  \\$aTitle from resource description page
=520  \\$aCapture Compounds are trifunctional small molecules to reduce the complexity of the proteome by functional reversible small molecule-protein interaction followed by photo-crosslinking and purification. Here we use a Capture Compound with S-adenosyl-L-homocysteine-binding as selectivity function to isolate methyltransferases from an Escherichia coli whole cell lysate and identify them by MS.
=521  \\$aFor undergraduate, graduate, and professional students
=546  \\$aEnglish
=650  \0$aBiology
=856  40$uhttps://www.jove.com/video/2264
=945  \\$aThe Whole World

