=LDR  00804ngm a2200000i 4500
=001  JoVEBiology2094
=008  161201s2016\\\\xx\\\\\g\\\\\\s\\\\\eng\d
=035  \\$a(OCoLC)733445860
=040  \\$aVaAlASP$cVaAlASP
=100  1\$aKanjee,Usheer
=245  12$aAn Assay for Measuring the Activity of Escherichia coli Inducible Lysine Decarboxyase$h[electronic resource]
=260  \\$aCambridge, MA$bMyJoVE Corp$c2016
=300  \\$aonline resource (488 seconds)
=490  0\$aBiology
=500  \\$aTitle from resource description page
=520  \\$aThe activity of the inducible lysine decarboxylase is monitored by reacting the substrate L-lysine and the product cadaverine with 2,4,6-trinitrobenzensulfonic acid to form adducts that have differential solubility in toluene.
=521  \\$aFor undergraduate, graduate, and professional students
=546  \\$aEnglish
=650  \0$aBiology
=856  40$uhttps://www.jove.com/video/2094
=945  \\$aThe Whole World

