=LDR  00930ngm a2200000i 4500
=001  JoVEBiology2316
=008  161201s2016\\\\xx\\\\\g\\\\\\s\\\\\eng\d
=035  \\$a(OCoLC)733445860
=040  \\$aVaAlASP$cVaAlASP
=100  1\$aSobczak,Magdalena
=245  12$aIsolation and Culture of Pulmonary Endothelial Cells from Neonatal Mice$h[electronic resource]
=260  \\$aCambridge, MA$bMyJoVE Corp$c2016
=300  \\$aonline resource (646 seconds)
=490  0\$aBiology
=500  \\$aTitle from resource description page
=520  \\$aHere, we describe a protocol for isolation and culture of murine pulmonary endothelial cells. This method comprises mechanic and enzymatic lung tissue dissociation as well as a 2-step purification process using anti-PECAM-1 and anti-ICAM-2 antibodies conjugated to magnetic beads, which produces a pure endothelial cell population of mostly microvascular origin.
=521  \\$aFor undergraduate, graduate, and professional students
=546  \\$aEnglish
=650  \0$aBiology
=856  40$uhttps://www.jove.com/video/2316
=945  \\$aThe Whole World

