=LDR  00858ngm a2200000i 4500
=001  JoVEBiology2362
=008  161201s2016\\\\xx\\\\\g\\\\\\s\\\\\eng\d
=035  \\$a(OCoLC)733445860
=040  \\$aVaAlASP$cVaAlASP
=100  1\$aBalian,Gary
=245  12$aPeptides from Phage Display Library Modulate Gene Expression in Mesenchymal Cells and Potentiate Osteogenesis in Unicortical Bone Defects$h[electronic resource]
=260  \\$aCambridge, MA$bMyJoVE Corp$c2016
=300  \\$aonline resource (473 seconds)
=490  0\$aBiology
=500  \\$aTitle from resource description page
=520  \\$aA phage display library was used to identify peptide sequences that target bone. The objective was to investigate the effect of these peptides on mesenchymal cell differentiation and to determine their effect on bone regeneration.
=521  \\$aFor undergraduate, graduate, and professional students
=546  \\$aEnglish
=650  \0$aBiology
=856  40$uhttps://www.jove.com/video/2362
=945  \\$aThe Whole World

