=LDR  00688ngm a2200000i 4500
=001  JoVEMedicine2095
=008  161201s2016\\\\xx\\\\\g\\\\\\s\\\\\eng\d
=035  \\$a(OCoLC)733445860
=040  \\$aVaAlASP$cVaAlASP
=100  1\$aXu,Ronald X.
=245  12$aDual-mode Imaging of Cutaneous Tissue Oxygenation and Vascular Function$h[electronic resource]
=260  \\$aCambridge, MA$bMyJoVE Corp$c2016
=300  \\$aonline resource (695 seconds)
=490  0\$aMedicine
=500  \\$aTitle from resource description page
=520  \\$aA dual-mode imaging system was developed for non-contact assessment of cutaneous tissue oxygenation and vascular function.
=521  \\$aFor undergraduate, graduate, and professional students
=546  \\$aEnglish
=650  \0$aMedicine
=856  40$uhttps://www.jove.com/video/2095
=945  \\$aThe Whole World

