=LDR  00840ngm a2200000i 4500
=001  JoVEBiology2344
=008  161201s2016\\\\xx\\\\\g\\\\\\s\\\\\eng\d
=035  \\$a(OCoLC)733445860
=040  \\$aVaAlASP$cVaAlASP
=100  1\$aGomes,Ismael C.
=245  12$aAnalysis of Pluripotent Stem Cells by using Cryosections of Embryoid Bodies$h[electronic resource]
=260  \\$aCambridge, MA$bMyJoVE Corp$c2016
=300  \\$aonline resource (414 seconds)
=490  0\$aBiology
=500  \\$aTitle from resource description page
=520  \\$aPluripotent stem cells growing in suspension differentiate into embryoid bodies (EBs). Here we demonstrate how to obtain high quality EB cryosections useful for studying cellular and molecular aspects of embryogenesis, while preserving their organization as aggregates. 
=521  \\$aFor undergraduate, graduate, and professional students
=546  \\$aEnglish
=650  \0$aBiology
=856  40$uhttps://www.jove.com/video/2344
=945  \\$aThe Whole World

