=LDR  00885ngm a2200000i 4500
=001  JoVEBiology2166
=008  161201s2016\\\\xx\\\\\g\\\\\\s\\\\\eng\d
=035  \\$a(OCoLC)733445860
=040  \\$aVaAlASP$cVaAlASP
=100  1\$aTuttle,Alex H.
=245  12$aImmunofluorescent Detection of Two Thymidine Analogues (CldU and IdU) in Primary Tissue$h[electronic resource]
=260  \\$aCambridge, MA$bMyJoVE Corp$c2016
=300  \\$aonline resource (655 seconds)
=490  0\$aBiology
=500  \\$aTitle from resource description page
=520  \\$aWe have derived a strategy to detect sequential incorporation of thymidine analogues (CldU and IdU) into tissues of adult mice to quantify two successive rounds of cell division. This strategy is useful to detect cell turnover of long-lived tissues, oncogenic transformation, or transit-amplifying cells.
=521  \\$aFor undergraduate, graduate, and professional students
=546  \\$aEnglish
=650  \0$aBiology
=856  40$uhttps://www.jove.com/video/2166
=945  \\$aThe Whole World

