=LDR  00849ngm a2200000i 4500
=001  JoVEBiology2511
=008  161201s2016\\\\xx\\\\\g\\\\\\s\\\\\eng\d
=035  \\$a(OCoLC)733445860
=040  \\$aVaAlASP$cVaAlASP
=100  1\$aNicholls,David G.
=245  12$aBioenergetic Profile Experiment using C2C12 Myoblast Cells$h[electronic resource]
=260  \\$aCambridge, MA$bMyJoVE Corp$c2016
=300  \\$aonline resource (440 seconds)
=490  0\$aBiology
=500  \\$aTitle from resource description page
=520  \\$aA description of a method for profiling mitochondrial function in cells is provided. The mitochondrial profile generated provides four parameters of mitochondrial function that can be measured in one experiment: basal respiration rate, ATP-linked respiration, proton leak, and reserve capacity.
=521  \\$aFor undergraduate, graduate, and professional students
=546  \\$aEnglish
=650  \0$aBiology
=856  40$uhttps://www.jove.com/video/2511
=945  \\$aThe Whole World

