=LDR  00747ngm a2200000i 4500
=001  JoVEMedicine1989
=008  161201s2016\\\\xx\\\\\g\\\\\\s\\\\\eng\d
=035  \\$a(OCoLC)733445860
=040  \\$aVaAlASP$cVaAlASP
=100  1\$aStubbendorff,Mandy
=245  12$aOrthotopic Aortic Transplantation: A Rat Model to Study the Development of Chronic Vasculopathy$h[electronic resource]
=260  \\$aCambridge, MA$bMyJoVE Corp$c2016
=300  \\$aonline resource (512 seconds)
=490  0\$aMedicine
=500  \\$aTitle from resource description page
=520  \\$aThis video demonstrates the orthotopic aortic transplant model as a simple model to study the development of transplant vasculopathy (TVP) in rats.


=521  \\$aFor undergraduate, graduate, and professional students
=546  \\$aEnglish
=650  \0$aMedicine
=856  40$uhttps://www.jove.com/video/1989
=945  \\$aThe Whole World

