=LDR  00781ngm a2200000i 4500
=001  JoVEBiology2387
=008  161201s2016\\\\xx\\\\\g\\\\\\s\\\\\eng\d
=035  \\$a(OCoLC)733445860
=040  \\$aVaAlASP$cVaAlASP
=100  1\$aGueroussov,Serge
=245  12$aAnalysis of mRNA Nuclear Export Kinetics in Mammalian Cells by Microinjection$h[electronic resource]
=260  \\$aCambridge, MA$bMyJoVE Corp$c2016
=300  \\$aonline resource (692 seconds)
=490  0\$aBiology
=500  \\$aTitle from resource description page
=520  \\$aHere we describe an assay that employs the power of microinjection coupled with fluorescent in situ hybridization in order to accurately measure the nuclear export kinetics of mRNA in mammalian somatic cells.
=521  \\$aFor undergraduate, graduate, and professional students
=546  \\$aEnglish
=650  \0$aBiology
=856  40$uhttps://www.jove.com/video/2387
=945  \\$aThe Whole World

