=LDR  00750ngm a2200000i 4500
=001  JoVEBiology2210
=008  161201s2016\\\\xx\\\\\g\\\\\\s\\\\\eng\d
=035  \\$a(OCoLC)733445860
=040  \\$aVaAlASP$cVaAlASP
=100  1\$aChugh,Pauline
=245  12$aProfiling of Pre-micro RNAs and microRNAs using Quantitative Real-time PCR (qPCR) Arrays$h[electronic resource]
=260  \\$aCambridge, MA$bMyJoVE Corp$c2016
=300  \\$aonline resource (658 seconds)
=490  0\$aBiology
=500  \\$aTitle from resource description page
=520  \\$aWe will demonstrate the setup and analysis of pre-microRNA 96-well arrays for QPCR using a robot as well as by hand with a Thermo Scientific Matrix multichannel pipette.
=521  \\$aFor undergraduate, graduate, and professional students
=546  \\$aEnglish
=650  \0$aBiology
=856  40$uhttps://www.jove.com/video/2210
=945  \\$aThe Whole World

