=LDR  00905ngm a2200000i 4500
=001  JoVEBiology2134
=008  161201s2016\\\\xx\\\\\g\\\\\\s\\\\\eng\d
=035  \\$a(OCoLC)733445860
=040  \\$aVaAlASP$cVaAlASP
=100  1\$aBhatt,Forum H.
=245  12$aExpression, Detergent Solubilization, and Purification of a Membrane Transporter, the MexB Multidrug Resistance Protein$h[electronic resource]
=260  \\$aCambridge, MA$bMyJoVE Corp$c2016
=300  \\$aonline resource (643 seconds)
=490  0\$aBiology
=500  \\$aTitle from resource description page
=520  \\$aIn this protocol we demonstrate the expression, solubilization, and purification of a recombinantly expressed membrane protein, MexB, as a soluble protein detergent complex. MexB is a multidrug resistance membrane transporter from the opportunistic bacterial pathogen Pseudomonas aeruginosa. 
=521  \\$aFor undergraduate, graduate, and professional students
=546  \\$aEnglish
=650  \0$aBiology
=856  40$uhttps://www.jove.com/video/2134
=945  \\$aThe Whole World

