=LDR  00738ngm a2200000i 4500
=001  JoVEBiology2066
=008  161201s2016\\\\xx\\\\\g\\\\\\s\\\\\eng\d
=035  \\$a(OCoLC)733445860
=040  \\$aVaAlASP$cVaAlASP
=100  1\$aDavis,Tessa R.
=245  12$aIP-FCM:  Immunoprecipitation Detected by Flow Cytometry$h[electronic resource]
=260  \\$aCambridge, MA$bMyJoVE Corp$c2016
=300  \\$aonline resource (737 seconds)
=490  0\$aBiology
=500  \\$aTitle from resource description page
=520  \\$aThe IP-FCM method is presented, which allows a sensitive, robust, biochemical assessment of native protein-protein interactions, without requiring genetic engineering or large sample sizes.
=521  \\$aFor undergraduate, graduate, and professional students
=546  \\$aEnglish
=650  \0$aBiology
=856  40$uhttps://www.jove.com/video/2066
=945  \\$aThe Whole World

