=LDR  00775ngm a2200000i 4500
=001  JoVEBiology2435
=008  161201s2016\\\\xx\\\\\g\\\\\\s\\\\\eng\d
=035  \\$a(OCoLC)733445860
=040  \\$aVaAlASP$cVaAlASP
=100  1\$aHoffman,Jill M.
=245  12$aGastrointestinal Motility Monitor (GIMM)$h[electronic resource]
=260  \\$aCambridge, MA$bMyJoVE Corp$c2016
=300  \\$aonline resource (495 seconds)
=490  0\$aBiology
=500  \\$aTitle from resource description page
=520  \\$aEvaluation of colonic motility in the guinea pig distal colon with the Gastrointestinal Motility Monitor (GIMM) is a straightforward and simple to learn approach to quantitatively evaluate propulsive motility in the gastrointestinal tract. 
=521  \\$aFor undergraduate, graduate, and professional students
=546  \\$aEnglish
=650  \0$aBiology
=856  40$uhttps://www.jove.com/video/2435
=945  \\$aThe Whole World

