=LDR  00605ngm a2200000i 4500
=001  JoVEMedicine2213
=008  161201s2016\\\\xx\\\\\g\\\\\\s\\\\\eng\d
=035  \\$a(OCoLC)733445860
=040  \\$aVaAlASP$cVaAlASP
=100  1\$aWang,Ming-Hsien
=245  12$aSurgical Management of Meatal Stenosis with Meatoplasty$h[electronic resource]
=260  \\$aCambridge, MA$bMyJoVE Corp$c2016
=300  \\$aonline resource (293 seconds)
=490  0\$aMedicine
=500  \\$aTitle from resource description page
=520  \\$aMeatoplasty, surgical management of meatal stenosis.
=521  \\$aFor undergraduate, graduate, and professional students
=546  \\$aEnglish
=650  \0$aMedicine
=856  40$uhttps://www.jove.com/video/2213
=945  \\$aThe Whole World

