=LDR  00868ngm a2200000i 4500
=001  JoVEBiology2499
=008  161201s2016\\\\xx\\\\\g\\\\\\s\\\\\eng\d
=035  \\$a(OCoLC)733445860
=040  \\$aVaAlASP$cVaAlASP
=100  1\$aTitus,Kim
=245  12$aClosed System Cell Culture Protocol Using HYPERStack Vessels with Gas Permeable Material Technology$h[electronic resource]
=260  \\$aCambridge, MA$bMyJoVE Corp$c2016
=300  \\$aonline resource (708 seconds)
=490  0\$aBiology
=500  \\$aTitle from resource description page
=520  \\$aAn Introduction into the technology, protocol and handling of the Corning HYPERStack Vessels and accessories used for high yield adherent cell culture.  The protocol will show how to use the closed system vessels for increasing cell harvesting over current stacked plate products.
=521  \\$aFor undergraduate, graduate, and professional students
=546  \\$aEnglish
=650  \0$aBiology
=856  40$uhttps://www.jove.com/video/2499
=945  \\$aThe Whole World

