=LDR  00789ngm a2200000i 4500
=001  JoVEBiology2204
=008  161201s2016\\\\xx\\\\\g\\\\\\s\\\\\eng\d
=035  \\$a(OCoLC)733445860
=040  \\$aVaAlASP$cVaAlASP
=100  1\$aOngena,Kathleen
=245  12$aDetermining Cell Number During Cell Culture using the Scepter Cell Counter$h[electronic resource]
=260  \\$aCambridge, MA$bMyJoVE Corp$c2016
=300  \\$aonline resource (573 seconds)
=490  0\$aBiology
=500  \\$aTitle from resource description page
=520  \\$aThe Scepter Cell Counter is a handheld automated device that can be used to count cells, monitor cell diameter and volume, and be used to check the health and quality of cellular populations from one culture to the next.
=521  \\$aFor undergraduate, graduate, and professional students
=546  \\$aEnglish
=650  \0$aBiology
=856  40$uhttps://www.jove.com/video/2204
=945  \\$aThe Whole World

