=LDR  00744ngm a2200000i 4500
=001  JoVEBiology2152
=008  161201s2016\\\\xx\\\\\g\\\\\\s\\\\\eng\d
=035  \\$a(OCoLC)733445860
=040  \\$aVaAlASP$cVaAlASP
=100  1\$aShen,Ying
=245  12$aGeneration of RNA/DNA Hybrids in Genomic DNA by Transformation using RNA-containing Oligonucleotides$h[electronic resource]
=260  \\$aCambridge, MA$bMyJoVE Corp$c2016
=300  \\$aonline resource (1002 seconds)
=490  0\$aBiology
=500  \\$aTitle from resource description page
=520  \\$aThis work shows how to form an RNA/DNA hybrid at the chromosomal level and reveal transfer of genetic information from RNA to genomic DNA in yeast cells. 
=521  \\$aFor undergraduate, graduate, and professional students
=546  \\$aEnglish
=650  \0$aBiology
=856  40$uhttps://www.jove.com/video/2152
=945  \\$aThe Whole World

