=LDR  00776ngm a2200000i 4500
=001  JoVEBiology2565
=008  161201s2016\\\\xx\\\\\g\\\\\\s\\\\\eng\d
=035  \\$a(OCoLC)733445860
=040  \\$aVaAlASP$cVaAlASP
=100  1\$aDesjardins,Philippe
=245  12$aNanoDrop Microvolume Quantitation of Nucleic Acids$h[electronic resource]
=260  \\$aCambridge, MA$bMyJoVE Corp$c2016
=300  \\$aonline resource (569 seconds)
=490  0\$aBiology
=500  \\$aTitle from resource description page
=520  \\$aThe use of NanoDrop microvolume systems as practical and efficient alternatives to traditional nucleic acid quantitation methodology is described through the demonstration of two microvolume nucleic acid quantitation protocols.
=521  \\$aFor undergraduate, graduate, and professional students
=546  \\$aEnglish
=650  \0$aBiology
=856  40$uhttps://www.jove.com/video/2565
=945  \\$aThe Whole World

