=LDR  00774ngm a2200000i 4500
=001  JoVEBiology1712
=008  161201s2016\\\\xx\\\\\g\\\\\\s\\\\\eng\d
=035  \\$a(OCoLC)733445860
=040  \\$aVaAlASP$cVaAlASP
=100  1\$aCaffrey,Martin
=245  12$aCrystallizing Membrane Proteins for Structure Determination using Lipidic Mesophases$h[electronic resource]
=260  \\$aCambridge, MA$bMyJoVE Corp$c2016
=300  \\$aonline resource (1320 seconds)
=490  0\$aBiology
=500  \\$aTitle from resource description page
=520  \\$aHerein is described the procedure implemented in the Caffrey Membrane Structural and Functional Biology Group to set up manually crystallization trials of membrane proteins in lipidic mesophases.
=521  \\$aFor undergraduate, graduate, and professional students
=546  \\$aEnglish
=650  \0$aBiology
=856  40$uhttps://www.jove.com/video/1712
=945  \\$aThe Whole World

