=LDR  00680ngm a2200000i 4500
=001  JoVEBiology2445
=008  161201s2016\\\\xx\\\\\g\\\\\\s\\\\\eng\d
=035  \\$a(OCoLC)733445860
=040  \\$aVaAlASP$cVaAlASP
=100  1\$aHu,Xueyou
=245  12$aDetection of Functional Matrix Metalloproteinases by Zymography$h[electronic resource]
=260  \\$aCambridge, MA$bMyJoVE Corp$c2016
=300  \\$aonline resource (570 seconds)
=490  0\$aBiology
=500  \\$aTitle from resource description page
=520  \\$aThis protocol describes an activity-based assay for detecting matrix metalloproteinases in culture supernatants or body fluids. 
=521  \\$aFor undergraduate, graduate, and professional students
=546  \\$aEnglish
=650  \0$aBiology
=856  40$uhttps://www.jove.com/video/2445
=945  \\$aThe Whole World

