=LDR  00729ngm a2200000i 4500
=001  JoVEBiology2429
=008  161201s2016\\\\xx\\\\\g\\\\\\s\\\\\eng\d
=035  \\$a(OCoLC)733445860
=040  \\$aVaAlASP$cVaAlASP
=100  1\$aKoshy,Shyny
=245  12$aQuantitative Measurement of GLUT4 Translocation to the Plasma Membrane by Flow Cytometry$h[electronic resource]
=260  \\$aCambridge, MA$bMyJoVE Corp$c2016
=300  \\$aonline resource (339 seconds)
=490  0\$aBiology
=500  \\$aTitle from resource description page
=520  \\$aThis protocol describes a rapid technique to quantify the translocation of GLUT4 from the cytoplasm to the plasma membrane of cells by flow cytometry.
=521  \\$aFor undergraduate, graduate, and professional students
=546  \\$aEnglish
=650  \0$aBiology
=856  40$uhttps://www.jove.com/video/2429
=945  \\$aThe Whole World

