=LDR  00763ngm a2200000i 4500
=001  JoVEBiology2465
=008  161201s2016\\\\xx\\\\\g\\\\\\s\\\\\eng\d
=035  \\$a(OCoLC)733445860
=040  \\$aVaAlASP$cVaAlASP
=100  1\$aMoreno,Luis A.
=245  12$aQuantification of dsDNA using the Hitachi F-7000 Fluorescence Spectrophotometer and PicoGreen Dye$h[electronic resource]
=260  \\$aCambridge, MA$bMyJoVE Corp$c2016
=300  \\$aonline resource (464 seconds)
=490  0\$aBiology
=500  \\$aTitle from resource description page
=520  \\$aDemonstration of quantification of dsDNA using Molecular Probes PicoGreen dye and Hitachi F-7000 Fluorescence Spectrophotometer equipped with a microplate reader accessory.
=521  \\$aFor undergraduate, graduate, and professional students
=546  \\$aEnglish
=650  \0$aBiology
=856  40$uhttps://www.jove.com/video/2465
=945  \\$aThe Whole World

