=LDR  00899ngm a2200000i 4500
=001  JoVEMedicine2428
=008  161201s2016\\\\xx\\\\\g\\\\\\s\\\\\eng\d
=035  \\$a(OCoLC)733445860
=040  \\$aVaAlASP$cVaAlASP
=100  1\$aDuhamel,David R.
=245  12$aBronchial Thermoplasty:  A Novel Therapeutic Approach to Severe Asthma$h[electronic resource]
=260  \\$aCambridge, MA$bMyJoVE Corp$c2016
=300  \\$aonline resource (879 seconds)
=490  0\$aMedicine
=500  \\$aTitle from resource description page
=520  \\$aBronchial thermoplasty is a non-drug procedure for severe persistent asthma that delivers thermal energy to the airway wall in a precisely controlled manner to reduce excessive airway smooth muscle.  Reducing airway smooth muscle decreases the ability of the airways to constrict, thereby reducing the frequency of asthma attacks.
=521  \\$aFor undergraduate, graduate, and professional students
=546  \\$aEnglish
=650  \0$aMedicine
=856  40$uhttps://www.jove.com/video/2428
=945  \\$aThe Whole World

