=LDR  00753ngm a2200000i 4500
=001  JoVEMedicine2223
=008  161201s2016\\\\xx\\\\\g\\\\\\s\\\\\eng\d
=035  \\$a(OCoLC)733445860
=040  \\$aVaAlASP$cVaAlASP
=100  1\$aMorks,Annelien N.
=245  12$aThe C-seal: A Biofragmentable Drain Protecting the Stapled Colorectal Anastomosis from Leakage$h[electronic resource]
=260  \\$aCambridge, MA$bMyJoVE Corp$c2016
=300  \\$aonline resource (471 seconds)
=490  0\$aMedicine
=500  \\$aTitle from resource description page
=520  \\$aThe C-seal is a biofragmentable drain protecting the stapled colorectal anastomosis. In this video, details of the manufacturing, deployment and use are shown.
=521  \\$aFor undergraduate, graduate, and professional students
=546  \\$aEnglish
=650  \0$aMedicine
=856  40$uhttps://www.jove.com/video/2223
=945  \\$aThe Whole World

