=LDR  00766ngm a2200000i 4500
=001  JoVEBiology2006
=008  161201s2016\\\\xx\\\\\g\\\\\\s\\\\\eng\d
=035  \\$a(OCoLC)733445860
=040  \\$aVaAlASP$cVaAlASP
=100  1\$aJeune-Smith,Yolaine
=245  12$aCargo Loading onto Kinesin Powered Molecular Shuttles$h[electronic resource]
=260  \\$aCambridge, MA$bMyJoVE Corp$c2016
=300  \\$aonline resource (540 seconds)
=490  0\$aBiology
=500  \\$aTitle from resource description page
=520  \\$aMolecular shuttles consisting of functionalized microtubules gliding on surface-adhered kinesin motor proteins can serve as a nanoscale transport system. Here, the assembly of a typical shuttle system is described.
=521  \\$aFor undergraduate, graduate, and professional students
=546  \\$aEnglish
=650  \0$aBiology
=856  40$uhttps://www.jove.com/video/2006
=945  \\$aThe Whole World

