=LDR  00938ngm a2200000i 4500
=001  JoVEBiology2279
=008  161201s2016\\\\xx\\\\\g\\\\\\s\\\\\eng\d
=035  \\$a(OCoLC)733445860
=040  \\$aVaAlASP$cVaAlASP
=100  1\$aParacchini,Silvia
=245  12$aAn Allele-specific Gene Expression Assay to Test the Functional Basis of Genetic Associations$h[electronic resource]
=260  \\$aCambridge, MA$bMyJoVE Corp$c2016
=300  \\$aonline resource (617 seconds)
=490  0\$aBiology
=500  \\$aTitle from resource description page
=520  \\$aGenetic associations often remain unexplained at a functional level. This method aims to assess the effect of phenotype-associated genetic markers on gene expression by analyzing cells heterozygous for transcribed SNPs. The technology allows accurate measurement by MALDI-TOF mass spectrometry to quantify allele-specific primer extension products.
=521  \\$aFor undergraduate, graduate, and professional students
=546  \\$aEnglish
=650  \0$aBiology
=856  40$uhttps://www.jove.com/video/2279
=945  \\$aThe Whole World

