=LDR  00634ngm a2200000i 4500
=001  JoVEBiology1864
=008  161201s2016\\\\xx\\\\\g\\\\\\s\\\\\eng\d
=035  \\$a(OCoLC)733445860
=040  \\$aVaAlASP$cVaAlASP
=100  1\$aSchneider,Patricia N.
=245  12$aFertilization of Xenopus oocytes using the Host Transfer Method$h[electronic resource]
=260  \\$aCambridge, MA$bMyJoVE Corp$c2016
=300  \\$aonline resource (560 seconds)
=490  0\$aBiology
=500  \\$aTitle from resource description page
=520  \\$aProcedure for fertilizing Xenopus oocytes by the host transfer method.
=521  \\$aFor undergraduate, graduate, and professional students
=546  \\$aEnglish
=650  \0$aBiology
=856  40$uhttps://www.jove.com/video/1864
=945  \\$aThe Whole World

