=LDR  00755ngm a2200000i 4500
=001  JoVEBiology2064
=008  161201s2016\\\\xx\\\\\g\\\\\\s\\\\\eng\d
=035  \\$a(OCoLC)733445860
=040  \\$aVaAlASP$cVaAlASP
=100  1\$aSchmidt,Martin
=245  12$aLabel-free in situ Imaging of Lignification in Plant Cell Walls$h[electronic resource]
=260  \\$aCambridge, MA$bMyJoVE Corp$c2016
=300  \\$aonline resource (455 seconds)
=490  0\$aBiology
=500  \\$aTitle from resource description page
=520  \\$aA method based on confocal Raman microscopy is presented that affords label-free visualization of lignin in plant cell walls and comparison of lignification in different tissues, samples or species.
=521  \\$aFor undergraduate, graduate, and professional students
=546  \\$aEnglish
=650  \0$aBiology
=856  40$uhttps://www.jove.com/video/2064
=945  \\$aThe Whole World

