=LDR  00890ngm a2200000i 4500
=001  JoVEMedicine1747
=008  161201s2016\\\\xx\\\\\g\\\\\\s\\\\\eng\d
=035  \\$a(OCoLC)733445860
=040  \\$aVaAlASP$cVaAlASP
=100  1\$aShidham,Vinod B.
=245  12$aPerforming and Processing FNA of Anterior Fat Pad for Amyloid$h[electronic resource]
=260  \\$aCambridge, MA$bMyJoVE Corp$c2016
=300  \\$aonline resource (581 seconds)
=490  0\$aMedicine
=500  \\$aTitle from resource description page
=520  \\$aFat pad aspiration is a preferred, minimally invasive, and low cost approach as compared to other methods to detect amyloid for diagnosis of systemic amyloidosis.  This video article demonstrates a procedural outline for performing fat pad aspiration with appropriate processing of the specimen for the optimal diagnostic outcome.
=521  \\$aFor undergraduate, graduate, and professional students
=546  \\$aEnglish
=650  \0$aMedicine
=856  40$uhttps://www.jove.com/video/1747
=945  \\$aThe Whole World

