=LDR  00955ngm a2200000i 4500
=001  JoVEBiology1846
=008  161201s2016\\\\xx\\\\\g\\\\\\s\\\\\eng\d
=035  \\$a(OCoLC)733445860
=040  \\$aVaAlASP$cVaAlASP
=100  1\$aJohnson,Matthew C.
=245  12$aAssessing Two-dimensional Crystallization Trials of Small Membrane Proteins for Structural Biology Studies by Electron Crystallography$h[electronic resource]
=260  \\$aCambridge, MA$bMyJoVE Corp$c2016
=300  \\$aonline resource (563 seconds)
=490  0\$aBiology
=500  \\$aTitle from resource description page
=520  \\$aEvaluating two-dimensional (2D) crystallization trials for the formation of ordered membrane protein arrays is a highly critical and difficult task in electron crystallography.  Here we describe our approach in screening for and identifying 2D crystals of predominantly small membrane proteins in the range of 15 – 90kDa.
=521  \\$aFor undergraduate, graduate, and professional students
=546  \\$aEnglish
=650  \0$aBiology
=856  40$uhttps://www.jove.com/video/1846
=945  \\$aThe Whole World

