=LDR  00712ngm a2200000i 4500
=001  JoVEBiology2159
=008  161201s2016\\\\xx\\\\\g\\\\\\s\\\\\eng\d
=035  \\$a(OCoLC)733445860
=040  \\$aVaAlASP$cVaAlASP
=100  1\$aMahler,Gretchen
=245  12$aIsolation and Culture of Avian Embryonic Valvular Progenitor Cells$h[electronic resource]
=260  \\$aCambridge, MA$bMyJoVE Corp$c2016
=300  \\$aonline resource (842 seconds)
=490  0\$aBiology
=500  \\$aTitle from resource description page
=520  \\$aThis article will provide a method for isolating and culturing quail or chicken HH14- valve endocardial cells and HH25 valve cushion mesenchymal cells.
=521  \\$aFor undergraduate, graduate, and professional students
=546  \\$aEnglish
=650  \0$aBiology
=856  40$uhttps://www.jove.com/video/2159
=945  \\$aThe Whole World

