=LDR  00831ngm a2200000i 4500
=001  JoVEBiology2154
=008  161201s2016\\\\xx\\\\\g\\\\\\s\\\\\eng\d
=035  \\$a(OCoLC)733445860
=040  \\$aVaAlASP$cVaAlASP
=100  1\$aYalcin,Huseyin C.
=245  12$aAn ex-ovo Chicken Embryo Culture System Suitable for Imaging and Microsurgery Applications$h[electronic resource]
=260  \\$aCambridge, MA$bMyJoVE Corp$c2016
=300  \\$aonline resource (659 seconds)
=490  0\$aBiology
=500  \\$aTitle from resource description page
=520  \\$aIn this article, we present a simple methodology to enable long-term ex-ovo avian embryo culture.  This technique is ideal for longitudinal experimentation requiring complete optical accessibility and/or sterile transportation in avian embryos.
=521  \\$aFor undergraduate, graduate, and professional students
=546  \\$aEnglish
=650  \0$aBiology
=856  40$uhttps://www.jove.com/video/2154
=945  \\$aThe Whole World

