=LDR  00994ngm a2200000i 4500
=001  JoVEMedicine2225
=008  161201s2016\\\\xx\\\\\g\\\\\\s\\\\\eng\d
=035  \\$a(OCoLC)733445860
=040  \\$aVaAlASP$cVaAlASP
=100  1\$aCrane,Lucia M.A.
=245  12$aMultispectral Real-time Fluorescence Imaging for Intraoperative Detection of the Sentinel Lymph Node in Gynecologic Oncology$h[electronic resource]
=260  \\$aCambridge, MA$bMyJoVE Corp$c2016
=300  \\$aonline resource (397 seconds)
=490  0\$aMedicine
=500  \\$aTitle from resource description page
=520  \\$aFluorescence imaging is a promising innovative modality for image-guided surgery in surgical oncology. In this video we describe the technical procedure for detection of the sentinel lymph node using fluorescence imaging as showcased in gynecologic oncologicy. A multispectral fluorescence camera system, together with the fluorescent agent indocyanine green, is applied.
=521  \\$aFor undergraduate, graduate, and professional students
=546  \\$aEnglish
=650  \0$aMedicine
=856  40$uhttps://www.jove.com/video/2225
=945  \\$aThe Whole World

