=LDR  00934ngm a2200000i 4500
=001  JoVEBiology2085
=008  161201s2016\\\\xx\\\\\g\\\\\\s\\\\\eng\d
=035  \\$a(OCoLC)733445860
=040  \\$aVaAlASP$cVaAlASP
=100  1\$aWeeks,Tyler J.
=245  12$aDifferential Imaging of Biological Structures with Doubly-resonant Coherent Anti-stokes Raman Scattering (CARS)$h[electronic resource]
=260  \\$aCambridge, MA$bMyJoVE Corp$c2016
=300  \\$aonline resource (776 seconds)
=490  0\$aBiology
=500  \\$aTitle from resource description page
=520  \\$aA combination of three single wavelength short-pulsed lasers is used to generate coherent anti-Stokes Raman scattering (CARS) and doubly-resonant CARS (DR-CARS). The difference between these signals provides enhanced sensitivity for otherwise difficult to detect coherent Raman signals, enabling imaging of weak Raman scatterers.
=521  \\$aFor undergraduate, graduate, and professional students
=546  \\$aEnglish
=650  \0$aBiology
=856  40$uhttps://www.jove.com/video/2085
=945  \\$aThe Whole World

