=LDR  00971ngm a2200000i 4500
=001  JoVEBiology2260
=008  161201s2016\\\\xx\\\\\g\\\\\\s\\\\\eng\d
=035  \\$a(OCoLC)733445860
=040  \\$aVaAlASP$cVaAlASP
=100  1\$ade Assis,Sonia
=245  12$aChanges in Mammary Gland Morphology and Breast Cancer Risk in Rats$h[electronic resource]
=260  \\$aCambridge, MA$bMyJoVE Corp$c2016
=300  \\$aonline resource (576 seconds)
=490  0\$aBiology
=500  \\$aTitle from resource description page
=520  \\$aOur protocol describes how to dissect the rat abdominal mammary gland and how to prepare mammary gland whole mounts. It also describes how to analyze mammary gland morphology using  three end-points (number of terminal end buds, epithelial elongation and differentiation) and to use these results to predict  mammary cancer risk in rats which were exposed to dietary modifications in utero or during prepuberty.
=521  \\$aFor undergraduate, graduate, and professional students
=546  \\$aEnglish
=650  \0$aBiology
=856  40$uhttps://www.jove.com/video/2260
=945  \\$aThe Whole World

