=LDR  00659ngm a2200000i 4500
=001  JoVEMedicine2167
=008  161201s2016\\\\xx\\\\\g\\\\\\s\\\\\eng\d
=035  \\$a(OCoLC)733445860
=040  \\$aVaAlASP$cVaAlASP
=100  1\$aAxtell,Andrea L.
=245  12$aAssessing Endothelial Vasodilator Function with the Endo-PAT 2000$h[electronic resource]
=260  \\$aCambridge, MA$bMyJoVE Corp$c2016
=300  \\$aonline resource (466 seconds)
=490  0\$aMedicine
=500  \\$aTitle from resource description page
=520  \\$aA noninvasive procedure to assess endothelial function is demonstrated using the Endo-PAT 2000.
=521  \\$aFor undergraduate, graduate, and professional students
=546  \\$aEnglish
=650  \0$aMedicine
=856  40$uhttps://www.jove.com/video/2167
=945  \\$aThe Whole World

