=LDR  00667ngm a2200000i 4500
=001  JoVEBiology2359
=008  161201s2016\\\\xx\\\\\g\\\\\\s\\\\\eng\d
=035  \\$a(OCoLC)733445860
=040  \\$aVaAlASP$cVaAlASP
=100  1\$aEslami,Anna
=245  12$aWestern Blotting: Sample Preparation to Detection$h[electronic resource]
=260  \\$aCambridge, MA$bMyJoVE Corp$c2016
=300  \\$aonline resource (465 seconds)
=490  0\$aBiology
=500  \\$aTitle from resource description page
=520  \\$aWestern blotting is an analytical technique used to detect specific proteins in a given sample of tissue homogenate or extract.
=521  \\$aFor undergraduate, graduate, and professional students
=546  \\$aEnglish
=650  \0$aBiology
=856  40$uhttps://www.jove.com/video/2359
=945  \\$aThe Whole World

