=LDR  00907ngm a2200000i 4500
=001  JoVEBiology2131
=008  161201s2016\\\\xx\\\\\g\\\\\\s\\\\\eng\d
=035  \\$a(OCoLC)733445860
=040  \\$aVaAlASP$cVaAlASP
=100  1\$aIngólfsson,Helgi I.
=245  12$aGramicidin-based Fluorescence Assay; for Determining Small Molecules Potential for Modifying Lipid Bilayer Properties$h[electronic resource]
=260  \\$aCambridge, MA$bMyJoVE Corp$c2016
=300  \\$aonline resource (653 seconds)
=490  0\$aBiology
=500  \\$aTitle from resource description page
=520  \\$aWe introduce a fast fluorescence-based assay that monitors the rate of fluorescence quenching as a measure of gramicidin channel activity.  The gramicidin channels are used as molecular force transducers to monitor changes in lipid bilayer properties as sensed by bilayer spanning proteins.
=521  \\$aFor undergraduate, graduate, and professional students
=546  \\$aEnglish
=650  \0$aBiology
=856  40$uhttps://www.jove.com/video/2131
=945  \\$aThe Whole World

