=LDR  00894ngm a2200000i 4500
=001  JoVEMedicine2139
=008  161201s2016\\\\xx\\\\\g\\\\\\s\\\\\eng\d
=035  \\$a(OCoLC)733445860
=040  \\$aVaAlASP$cVaAlASP
=100  1\$aBarry,Johanna G.
=245  12$aMaking Sense of Listening: The IMAP Test Battery$h[electronic resource]
=260  \\$aCambridge, MA$bMyJoVE Corp$c2016
=300  \\$aonline resource (685 seconds)
=490  0\$aMedicine
=500  \\$aTitle from resource description page
=520  \\$aA test battery (IMAP) for performing an in-depth assessment of auditory and cognitive abilities contributing to listening skills is described. It is quick to administer, child-friendly and free from linguistic confounds. Stimulus generation and protocol management are controlled via a software platform (IHR-STAR) to ensure replicable procedures.
=521  \\$aFor undergraduate, graduate, and professional students
=546  \\$aEnglish
=650  \0$aMedicine
=856  40$uhttps://www.jove.com/video/2139
=945  \\$aThe Whole World

