=LDR  00691ngm a2200000i 4500
=001  JoVEBiology2033
=008  161201s2016\\\\xx\\\\\g\\\\\\s\\\\\eng\d
=035  \\$a(OCoLC)733445860
=040  \\$aVaAlASP$cVaAlASP
=100  1\$aSeluanov,Andrei
=245  12$aEstablishing Primary Adult Fibroblast Cultures From Rodents$h[electronic resource]
=260  \\$aCambridge, MA$bMyJoVE Corp$c2016
=300  \\$aonline resource (703 seconds)
=490  0\$aBiology
=500  \\$aTitle from resource description page
=520  \\$aThis article describes a protocol for isolation and maintenance of primary fibroblast cultures from skin and lung tissue of wild rodents.
=521  \\$aFor undergraduate, graduate, and professional students
=546  \\$aEnglish
=650  \0$aBiology
=856  40$uhttps://www.jove.com/video/2033
=945  \\$aThe Whole World

