=LDR  00895ngm a2200000i 4500
=001  JoVEBiology2072
=008  161201s2016\\\\xx\\\\\g\\\\\\s\\\\\eng\d
=035  \\$a(OCoLC)733445860
=040  \\$aVaAlASP$cVaAlASP
=100  1\$aTrache,Andreea
=245  12$aLive Cell Response to Mechanical Stimulation Studied by Integrated Optical and Atomic Force Microscopy$h[electronic resource]
=260  \\$aCambridge, MA$bMyJoVE Corp$c2016
=300  \\$aonline resource (560 seconds)
=490  0\$aBiology
=500  \\$aTitle from resource description page
=520  \\$aThis paper aims to instruct the reader in the operation of an integrated atomic force-optical imaging microscope for mechanical stimulation of live cells in culture. A step-by-step protocol is presented. A representative data set that shows live cell response to mechanical stimulation is presented.
=521  \\$aFor undergraduate, graduate, and professional students
=546  \\$aEnglish
=650  \0$aBiology
=856  40$uhttps://www.jove.com/video/2072
=945  \\$aThe Whole World

