=LDR  00694ngm a2200000i 4500
=001  JoVEBiology2189
=008  161201s2016\\\\xx\\\\\g\\\\\\s\\\\\eng\d
=035  \\$a(OCoLC)733445860
=040  \\$aVaAlASP$cVaAlASP
=100  1\$aBalana,Bartosz
=245  12$aMutagenesis and Functional Analysis of Ion Channels Heterologously Expressed in Mammalian Cells$h[electronic resource]
=260  \\$aCambridge, MA$bMyJoVE Corp$c2016
=300  \\$aonline resource (928 seconds)
=490  0\$aBiology
=500  \\$aTitle from resource description page
=520  \\$aWe will demonstrate how to study the effect of a single point mutation on the function of an ion channel.
=521  \\$aFor undergraduate, graduate, and professional students
=546  \\$aEnglish
=650  \0$aBiology
=856  40$uhttps://www.jove.com/video/2189
=945  \\$aThe Whole World

