=LDR  00898ngm a2200000i 4500
=001  JoVEBiology2169
=008  161201s2016\\\\xx\\\\\g\\\\\\s\\\\\eng\d
=035  \\$a(OCoLC)733445860
=040  \\$aVaAlASP$cVaAlASP
=100  1\$aRasheed,Zeshaan
=245  12$aIsolation of Stem Cells from Human Pancreatic Cancer Xenografts$h[electronic resource]
=260  \\$aCambridge, MA$bMyJoVE Corp$c2016
=300  \\$aonline resource (704 seconds)
=490  0\$aBiology
=500  \\$aTitle from resource description page
=520  \\$aCancer stem cells (CSCs) have been identified in a number of malignancies.  In this protocol we describe a flow cytometric method utilizing aldehyde dehydrogenase activity and CD44 and CD24 expression to isolate CSCs from human pancreatic adenocarcinoma xenografts.  These viable cells can then be used in functional and analytical studies.
=521  \\$aFor undergraduate, graduate, and professional students
=546  \\$aEnglish
=650  \0$aBiology
=856  40$uhttps://www.jove.com/video/2169
=945  \\$aThe Whole World

