=LDR  00779ngm a2200000i 4500
=001  JoVEBiology2133
=008  161201s2016\\\\xx\\\\\g\\\\\\s\\\\\eng\d
=035  \\$a(OCoLC)733445860
=040  \\$aVaAlASP$cVaAlASP
=100  1\$aBen-Yair,Raz
=245  12$aSingle Cell Transfection in Chick Embryos$h[electronic resource]
=260  \\$aCambridge, MA$bMyJoVE Corp$c2016
=300  \\$aonline resource (526 seconds)
=490  0\$aBiology
=500  \\$aTitle from resource description page
=520  \\$aUsing fine tip micropipettes we inject plasmid DNA into subdomains of chicken somites or neural tubes. The concentration of the plasmid is adjusted to generate single transfected cells. We then allow the cells to develop into clonal populations. 
=521  \\$aFor undergraduate, graduate, and professional students
=546  \\$aEnglish
=650  \0$aBiology
=856  40$uhttps://www.jove.com/video/2133
=945  \\$aThe Whole World

