=LDR  00776ngm a2200000i 4500
=001  JoVEBiology2202
=008  161201s2016\\\\xx\\\\\g\\\\\\s\\\\\eng\d
=035  \\$a(OCoLC)733445860
=040  \\$aVaAlASP$cVaAlASP
=100  1\$aGostimskaya,Irina
=245  12$aPreparation of Highly Coupled Rat Heart Mitochondria$h[electronic resource]
=260  \\$aCambridge, MA$bMyJoVE Corp$c2016
=300  \\$aonline resource (748 seconds)
=490  0\$aBiology
=500  \\$aTitle from resource description page
=520  \\$aWe describe а protocol for isolation of pure, highly coupled rat heart mitochondria for functional or structural studies of cellular bioenergetics, biophysical measurements, proteomics or mitochondrial DNA and lipids analysis.
=521  \\$aFor undergraduate, graduate, and professional students
=546  \\$aEnglish
=650  \0$aBiology
=856  40$uhttps://www.jove.com/video/2202
=945  \\$aThe Whole World

