=LDR  00926ngm a2200000i 4500
=001  JoVEBiology2051
=008  161201s2016\\\\xx\\\\\g\\\\\\s\\\\\eng\d
=035  \\$a(OCoLC)733445860
=040  \\$aVaAlASP$cVaAlASP
=100  1\$aMerrick,Deborah
=245  12$aAdult and Embryonic Skeletal Muscle Microexplant Culture and Isolation of Skeletal Muscle Stem Cells$h[electronic resource]
=260  \\$aCambridge, MA$bMyJoVE Corp$c2016
=300  \\$aonline resource (876 seconds)
=490  0\$aBiology
=500  \\$aTitle from resource description page
=520  \\$aThe micro-dissected explants technique is a robust and reliable method for isolating proliferative skeletal muscle cells from juvenile, adult or embryonic muscles as a source of skeletal muscle stem cells. Uniquely, these cells have been clonally derived to produce skeletal muscle stem cell lines used for in vivo transplantation.
=521  \\$aFor undergraduate, graduate, and professional students
=546  \\$aEnglish
=650  \0$aBiology
=856  40$uhttps://www.jove.com/video/2051
=945  \\$aThe Whole World

