=LDR  00945ngm a2200000i 4500
=001  JoVEBiology2093
=008  161201s2016\\\\xx\\\\\g\\\\\\s\\\\\eng\d
=035  \\$a(OCoLC)733445860
=040  \\$aVaAlASP$cVaAlASP
=100  1\$aAriga,Junko
=245  12$aMulticolor Time-lapse Imaging of Transgenic Zebrafish: Visualizing Retinal Stem Cells Activated by Targeted Neuronal Cell Ablation$h[electronic resource]
=260  \\$aCambridge, MA$bMyJoVE Corp$c2016
=300  \\$aonline resource (631 seconds)
=490  0\$aBiology
=500  \\$aTitle from resource description page
=520  \\$aIn this video, techniques for multicolor confocal time-lapse imaging and targeted cell ablation are provided. Time-lapse imaging is used to monitor the behavior of multiple cell types of interest in vivo. Targeted cell ablation facilitates the study neural circuit function and cell-specific neuronal regeneration paradigms.
=521  \\$aFor undergraduate, graduate, and professional students
=546  \\$aEnglish
=650  \0$aBiology
=856  40$uhttps://www.jove.com/video/2093
=945  \\$aThe Whole World

