=LDR  00921ngm a2200000i 4500
=001  JoVEMedicine2201
=008  161201s2016\\\\xx\\\\\g\\\\\\s\\\\\eng\d
=035  \\$a(OCoLC)733445860
=040  \\$aVaAlASP$cVaAlASP
=100  1\$aSpielman,Andrew I.
=245  12$aTechnique to Collect Fungiform (Taste) Papillae from Human Tongue$h[electronic resource]
=260  \\$aCambridge, MA$bMyJoVE Corp$c2016
=300  \\$aonline resource (579 seconds)
=490  0\$aMedicine
=500  \\$aTitle from resource description page
=520  \\$aKnowledge of molecular mechanisms underlying gustatory transduction has recently enjoyed significant advances, largely due to using animal models. However, the wide diversity in taste sensitivity and specificity among mammals warrants studies in human tissue. We describe a biopsy technique to collect living taste cells from the papillae on human tongue.
=521  \\$aFor undergraduate, graduate, and professional students
=546  \\$aEnglish
=650  \0$aMedicine
=856  40$uhttps://www.jove.com/video/2201
=945  \\$aThe Whole World

