=LDR  00682ngm a2200000i 4500
=001  JoVEBiology2175
=008  161201s2016\\\\xx\\\\\g\\\\\\s\\\\\eng\d
=035  \\$a(OCoLC)733445860
=040  \\$aVaAlASP$cVaAlASP
=100  1\$aBelu,Mirela
=245  12$aUpright Imaging of Drosophila Embryos$h[electronic resource]
=260  \\$aCambridge, MA$bMyJoVE Corp$c2016
=300  \\$aonline resource (454 seconds)
=490  0\$aBiology
=500  \\$aTitle from resource description page
=520  \\$aHere we present a mounting protocol for stained Drosophila embryos in an upright position that allows imaging of cross-sections using Confocal microscopy.
=521  \\$aFor undergraduate, graduate, and professional students
=546  \\$aEnglish
=650  \0$aBiology
=856  40$uhttps://www.jove.com/video/2175
=945  \\$aThe Whole World

