=LDR  00831ngm a2200000i 4500
=001  JoVEBiology2209
=008  161201s2016\\\\xx\\\\\g\\\\\\s\\\\\eng\d
=035  \\$a(OCoLC)733445860
=040  \\$aVaAlASP$cVaAlASP
=100  1\$aColes,Brenda L.K.
=245  12$aIsolation of Retinal Stem Cells from the Mouse Eye$h[electronic resource]
=260  \\$aCambridge, MA$bMyJoVE Corp$c2016
=300  \\$aonline resource (442 seconds)
=490  0\$aBiology
=500  \\$aTitle from resource description page
=520  \\$aIn this video, we will demonstrate how to isolate retinal stem cells from the ciliary epithelium of the mouse eye and grow them in culture to form clonal retinal spheres.  The spheres that are isolated possess the cardinal properties of stem cells: self-renewal and multipotentiality.
=521  \\$aFor undergraduate, graduate, and professional students
=546  \\$aEnglish
=650  \0$aBiology
=856  40$uhttps://www.jove.com/video/2209
=945  \\$aThe Whole World

