=LDR  00846ngm a2200000i 4500
=001  JoVEBiology2249
=008  161201s2016\\\\xx\\\\\g\\\\\\s\\\\\eng\d
=035  \\$a(OCoLC)733445860
=040  \\$aVaAlASP$cVaAlASP
=100  1\$aZhang,Yao
=245  12$aIn vivo Imaging of Intact Drosophila Larvae at Sub-cellular Resolution$h[electronic resource]
=260  \\$aCambridge, MA$bMyJoVE Corp$c2016
=300  \\$aonline resource (1071 seconds)
=490  0\$aBiology
=500  \\$aTitle from resource description page
=520  \\$aThis protocol describes a reliable method for anesthetization and imaging of intact Drosophila melanogaster larvae. We have utilized the volatile anesthetic desflurane to allow for repetitive imaging at sub-cellular resolution and re-identification of structures  for up to a few days1.
=521  \\$aFor undergraduate, graduate, and professional students
=546  \\$aEnglish
=650  \0$aBiology
=856  40$uhttps://www.jove.com/video/2249
=945  \\$aThe Whole World

