=LDR  00722ngm a2200000i 4500
=001  JoVEBiology2002
=008  161201s2016\\\\xx\\\\\g\\\\\\s\\\\\eng\d
=035  \\$a(OCoLC)733445860
=040  \\$aVaAlASP$cVaAlASP
=100  1\$aSeluanov,Andrei
=245  12$aAnalysis of DNA Double-strand Break (DSB) Repair in Mammalian Cells$h[electronic resource]
=260  \\$aCambridge, MA$bMyJoVE Corp$c2016
=300  \\$aonline resource (790 seconds)
=490  0\$aBiology
=500  \\$aTitle from resource description page
=520  \\$aThis article describes GFP-based fluorescence in vivo assays that separately quantify homologous recombination and nonhomologous end joining in mammalian cells.
=521  \\$aFor undergraduate, graduate, and professional students
=546  \\$aEnglish
=650  \0$aBiology
=856  40$uhttps://www.jove.com/video/2002
=945  \\$aThe Whole World

