=LDR  00801ngm a2200000i 4500
=001  JoVEBiology2144
=008  161201s2016\\\\xx\\\\\g\\\\\\s\\\\\eng\d
=035  \\$a(OCoLC)733445860
=040  \\$aVaAlASP$cVaAlASP
=100  1\$aShrestha,Bindesh
=245  12$aDirect Analysis of Single Cells by Mass Spectrometry at Atmospheric Pressure$h[electronic resource]
=260  \\$aCambridge, MA$bMyJoVE Corp$c2016
=300  \\$aonline resource (499 seconds)
=490  0\$aBiology
=500  \\$aTitle from resource description page
=520  \\$aSingle cell analysis is performed by mass spectrometry on plant and animal cells at atmospheric pressure by using a sharpened optical fiber to sample the cells for laser ablation electrospray ionization (LAESI) mass spectrometry.
=521  \\$aFor undergraduate, graduate, and professional students
=546  \\$aEnglish
=650  \0$aBiology
=856  40$uhttps://www.jove.com/video/2144
=945  \\$aThe Whole World

