=LDR  00941ngm a2200000i 4500
=001  JoVEBiology2097
=008  161201s2016\\\\xx\\\\\g\\\\\\s\\\\\eng\d
=035  \\$a(OCoLC)733445860
=040  \\$aVaAlASP$cVaAlASP
=100  1\$aNemes,Peter
=245  12$aAtmospheric-pressure Molecular Imaging of Biological Tissues and Biofilms by LAESI Mass Spectrometry$h[electronic resource]
=260  \\$aCambridge, MA$bMyJoVE Corp$c2016
=300  \\$aonline resource (562 seconds)
=490  0\$aBiology
=500  \\$aTitle from resource description page
=520  \\$aLaser ablation electrospray ionization (LAESI) is an atmospheric-pressure ion source for mass spectrometry.  In the imaging mode, a mid-infrared laser probes the distributions of molecules across a tissue section or a biofilm.  This technique presents a new approach for diverse bioanalytical studies carried out under native experimental conditions.
=521  \\$aFor undergraduate, graduate, and professional students
=546  \\$aEnglish
=650  \0$aBiology
=856  40$uhttps://www.jove.com/video/2097
=945  \\$aThe Whole World

