=LDR  01015ngm a2200000i 4500
=001  JoVEMedicine2069
=008  161201s2016\\\\xx\\\\\g\\\\\\s\\\\\eng\d
=035  \\$a(OCoLC)733445860
=040  \\$aVaAlASP$cVaAlASP
=100  1\$aKolwicz Jr.,Stephen C.
=245  12$aAssessment of Cardiac Function and Energetics in Isolated Mouse Hearts Using 31P NMR Spectroscopy$h[electronic resource]
=260  \\$aCambridge, MA$bMyJoVE Corp$c2016
=300  \\$aonline resource (698 seconds)
=490  0\$aMedicine
=500  \\$aTitle from resource description page
=520  \\$aLangendorff-mode isolated heart perfusion, in conjunction with 31P NMR spectroscopy, combines the fields of biochemistry and physiology into one experiment.  The protocol allows for the dynamic measurement of high energy phosphate content and turnover in the heart while concurrently monitoring physiologic function.  When performed correctly, this is a valuable technique in the assessment of cardiac energetics.
=521  \\$aFor undergraduate, graduate, and professional students
=546  \\$aEnglish
=650  \0$aMedicine
=856  40$uhttps://www.jove.com/video/2069
=945  \\$aThe Whole World

