=LDR  00767ngm a2200000i 4500
=001  JoVEBiology2126
=008  161201s2016\\\\xx\\\\\g\\\\\\s\\\\\eng\d
=035  \\$a(OCoLC)733445860
=040  \\$aVaAlASP$cVaAlASP
=100  1\$aKinkel,Mary D.
=245  12$aIntraperitoneal Injection into Adult Zebrafish$h[electronic resource]
=260  \\$aCambridge, MA$bMyJoVE Corp$c2016
=300  \\$aonline resource (559 seconds)
=490  0\$aBiology
=500  \\$aTitle from resource description page
=520  \\$aWe demonstrate intraperitoneal injection into adult zebrafish.  We use a 10 μl NanoFil microsyringe controlled by a Micro4 controller and UltraMicroPump III.  This demonstration includes the use of cold water as an anesthetic.
=521  \\$aFor undergraduate, graduate, and professional students
=546  \\$aEnglish
=650  \0$aBiology
=856  40$uhttps://www.jove.com/video/2126
=945  \\$aThe Whole World

