=LDR  00873ngm a2200000i 4500
=001  JoVEBiology1941
=008  161201s2016\\\\xx\\\\\g\\\\\\s\\\\\eng\d
=035  \\$a(OCoLC)733445860
=040  \\$aVaAlASP$cVaAlASP
=100  1\$aHelms,My N.
=245  12$aDirect Tracheal Instillation of Solutes into Mouse Lung$h[electronic resource]
=260  \\$aCambridge, MA$bMyJoVE Corp$c2016
=300  \\$aonline resource (290 seconds)
=490  0\$aBiology
=500  \\$aTitle from resource description page
=520  \\$aIntratracheal instillations deliver solutes directly into the lungs.  This procedure targets the delivery of the instillate into the distal regions of the lung, and is therefore often incorporated in studies aimed at studying alveoli.  We provide a detailed survival protocol for performing intratracheal instillations in mice.
=521  \\$aFor undergraduate, graduate, and professional students
=546  \\$aEnglish
=650  \0$aBiology
=856  40$uhttps://www.jove.com/video/1941
=945  \\$aThe Whole World

