=LDR  00885ngm a2200000i 4500
=001  JoVEBiology2170
=008  161201s2016\\\\xx\\\\\g\\\\\\s\\\\\eng\d
=035  \\$a(OCoLC)733445860
=040  \\$aVaAlASP$cVaAlASP
=100  1\$aTakahashi,Masanori
=245  12$aThe Method of Rodent Whole Embryo Culture using the Rotator-type Bottle Culture System$h[electronic resource]
=260  \\$aCambridge, MA$bMyJoVE Corp$c2016
=300  \\$aonline resource (604 seconds)
=490  0\$aBiology
=500  \\$aTitle from resource description page
=520  \\$aWhole embryo culture technique allows us to culture mouse and rat embryos ex vivo condition during limited periods corresponding to midgestation stages. In this video protocol, we demonstrate our standard procedures of rat whole embryo culture after E12.5 using the rotator-type bottle culture system.
=521  \\$aFor undergraduate, graduate, and professional students
=546  \\$aEnglish
=650  \0$aBiology
=856  40$uhttps://www.jove.com/video/2170
=945  \\$aThe Whole World

