=LDR  00788ngm a2200000i 4500
=001  JoVEBiology2208
=008  161201s2016\\\\xx\\\\\g\\\\\\s\\\\\eng\d
=035  \\$a(OCoLC)733445860
=040  \\$aVaAlASP$cVaAlASP
=100  1\$aUeki,Shoko
=245  12$aA Cell-to-cell Macromolecular Transport Assay in Planta Utilizing Biolistic Bombardment$h[electronic resource]
=260  \\$aCambridge, MA$bMyJoVE Corp$c2016
=300  \\$aonline resource (434 seconds)
=490  0\$aBiology
=500  \\$aTitle from resource description page
=520  \\$aMacromolecular trafficking between plant cells can be assessed by transiently expressing a fluorescently-tagged protein of interest and analyzing its intra- and intercellular distribution by confocal microscopy.
=521  \\$aFor undergraduate, graduate, and professional students
=546  \\$aEnglish
=650  \0$aBiology
=856  40$uhttps://www.jove.com/video/2208
=945  \\$aThe Whole World

