=LDR  00747ngm a2200000i 4500
=001  JoVEBiology2122
=008  161201s2016\\\\xx\\\\\g\\\\\\s\\\\\eng\d
=035  \\$a(OCoLC)733445860
=040  \\$aVaAlASP$cVaAlASP
=100  1\$aHalevy,Revital
=245  12$aElectron Spin Resonance Micro-imaging of Live Species for Oxygen Mapping$h[electronic resource]
=260  \\$aCambridge, MA$bMyJoVE Corp$c2016
=300  \\$aonline resource (580 seconds)
=490  0\$aBiology
=500  \\$aTitle from resource description page
=520  \\$aThis protocol describes a method for micron-scale three-dimensional imaging of oxygen concentration in the immediate environment of live cells by electron spin resonance microscopy.
=521  \\$aFor undergraduate, graduate, and professional students
=546  \\$aEnglish
=650  \0$aBiology
=856  40$uhttps://www.jove.com/video/2122
=945  \\$aThe Whole World

