=LDR  00678ngm a2200000i 4500
=001  JoVEMedicine1942
=008  161201s2016\\\\xx\\\\\g\\\\\\s\\\\\eng\d
=035  \\$a(OCoLC)733445860
=040  \\$aVaAlASP$cVaAlASP
=100  1\$aMohanty,Sonali
=245  12$aExperimental Metastasis Assay$h[electronic resource]
=260  \\$aCambridge, MA$bMyJoVE Corp$c2016
=300  \\$aonline resource (508 seconds)
=490  0\$aMedicine
=500  \\$aTitle from resource description page
=520  \\$aThis article describes the procedures of an experimental metastasis assay that is used to determine the metastatic potential of human cancer cell lines.
=521  \\$aFor undergraduate, graduate, and professional students
=546  \\$aEnglish
=650  \0$aMedicine
=856  40$uhttps://www.jove.com/video/1942
=945  \\$aThe Whole World

