=LDR  00885ngm a2200000i 4500
=001  JoVEBiology2090
=008  161201s2016\\\\xx\\\\\g\\\\\\s\\\\\eng\d
=035  \\$a(OCoLC)733445860
=040  \\$aVaAlASP$cVaAlASP
=100  1\$aHochbaum,Daniel
=245  12$aGeneration of Transgenic C. elegans by Biolistic Transformation$h[electronic resource]
=260  \\$aCambridge, MA$bMyJoVE Corp$c2016
=300  \\$aonline resource (615 seconds)
=490  0\$aBiology
=500  \\$aTitle from resource description page
=520  \\$aTransgenic worms are commonly used in C. elegans research. Described is a simple, yet effective, protocol to introduce transgenes into worms using biolistic bombardment with DNA-coated gold particles. The effort involved and results of bombardment compare favorably with microinjection for the generation of transgenic animals.
=521  \\$aFor undergraduate, graduate, and professional students
=546  \\$aEnglish
=650  \0$aBiology
=856  40$uhttps://www.jove.com/video/2090
=945  \\$aThe Whole World

