=LDR  00793ngm a2200000i 4500
=001  JoVEBiology2010
=008  161201s2016\\\\xx\\\\\g\\\\\\s\\\\\eng\d
=035  \\$a(OCoLC)733445860
=040  \\$aVaAlASP$cVaAlASP
=100  1\$aAmaya,Enrique
=245  12$aProduction of Transgenic Xenopus laevis by Restriction Enzyme Mediated Integration and Nuclear Transplantation$h[electronic resource]
=260  \\$aCambridge, MA$bMyJoVE Corp$c2016
=300  \\$aonline resource (588 seconds)
=490  0\$aBiology
=500  \\$aTitle from resource description page
=520  \\$aThis video protocol demonstrates a method for generating transgenic Xenopus laevis by introduction of transgenes into sperm nuclei followed by nuclear transplantation into unfertilized eggs.
=521  \\$aFor undergraduate, graduate, and professional students
=546  \\$aEnglish
=650  \0$aBiology
=856  40$uhttps://www.jove.com/video/2010
=945  \\$aThe Whole World

