=LDR  00914ngm a2200000i 4500
=001  JoVEBiology2099
=008  161201s2016\\\\xx\\\\\g\\\\\\s\\\\\eng\d
=035  \\$a(OCoLC)733445860
=040  \\$aVaAlASP$cVaAlASP
=100  1\$aLage,Hermann
=245  12$aBacterial Delivery of RNAi Effectors: Transkingdom RNAi$h[electronic resource]
=260  \\$aCambridge, MA$bMyJoVE Corp$c2016
=300  \\$aonline resource (476 seconds)
=490  0\$aBiology
=500  \\$aTitle from resource description page
=520  \\$aFor development of RNA interference (RNAi)-based therapies, a novel strategy was developed, transkingdom RNAi (tkRNAi). This technology uses non-pathogenic bacteria to produce and deliver therapeutic short hairpin RNA (shRNA) into target cells. Here, tkRNAi was successfully applied for reversal of classical ABCB1-mediated multidrug resistance (MDR) of cancer cells.
=521  \\$aFor undergraduate, graduate, and professional students
=546  \\$aEnglish
=650  \0$aBiology
=856  40$uhttps://www.jove.com/video/2099
=945  \\$aThe Whole World

