=LDR  00945ngm a2200000i 4500
=001  JoVEBiology2125
=008  161201s2016\\\\xx\\\\\g\\\\\\s\\\\\eng\d
=035  \\$a(OCoLC)733445860
=040  \\$aVaAlASP$cVaAlASP
=100  1\$aCordero,Alexis B.
=245  12$aIn vivo Imaging and Therapeutic Treatments in an Orthotopic Mouse Model of Ovarian Cancer$h[electronic resource]
=260  \\$aCambridge, MA$bMyJoVE Corp$c2016
=300  \\$aonline resource (466 seconds)
=490  0\$aBiology
=500  \\$aTitle from resource description page
=520  \\$aOrthotopic animal models of ovarian cancer replicate better human disease and therefore enhance our understanding of cancer progression and tumor response to therapy.  A mouse model receives an intrabursal injection of luciferase-expressing ovarian tumor cells.  Treatment is administered via oral gavage.  Tumor growth is monitored by in vivo imaging system.
=521  \\$aFor undergraduate, graduate, and professional students
=546  \\$aEnglish
=650  \0$aBiology
=856  40$uhttps://www.jove.com/video/2125
=945  \\$aThe Whole World

