=LDR  00790ngm a2200000i 4500
=001  JoVEBiology2020
=008  161201s2016\\\\xx\\\\\g\\\\\\s\\\\\eng\d
=035  \\$a(OCoLC)733445860
=040  \\$aVaAlASP$cVaAlASP
=100  1\$aRikin,Amir
=245  12$aA Reverse Genetic Approach to Test Functional Redundancy During Embryogenesis$h[electronic resource]
=260  \\$aCambridge, MA$bMyJoVE Corp$c2016
=300  \\$aonline resource (419 seconds)
=490  0\$aBiology
=500  \\$aTitle from resource description page
=520  \\$aGene function can be obscured in loss-of-function experiments if there is compensation by another gene. The zebrafish model provides a relatively high-throughput means to reveal such functional redundancy in living embryos.
=521  \\$aFor undergraduate, graduate, and professional students
=546  \\$aEnglish
=650  \0$aBiology
=856  40$uhttps://www.jove.com/video/2020
=945  \\$aThe Whole World

