=LDR  00722ngm a2200000i 4500
=001  JoVEBiology2089
=008  161201s2016\\\\xx\\\\\g\\\\\\s\\\\\eng\d
=035  \\$a(OCoLC)733445860
=040  \\$aVaAlASP$cVaAlASP
=100  1\$aCretu,Alexandra
=245  12$aStudying the Effects of Matrix Stiffness on Cellular Function using Acrylamide-based Hydrogels$h[electronic resource]
=260  \\$aCambridge, MA$bMyJoVE Corp$c2016
=300  \\$aonline resource (619 seconds)
=490  0\$aBiology
=500  \\$aTitle from resource description page
=520  \\$aThe effect of substrata stiffness on cellular function can be modeled in vitro using polyacrylamide hydrogels of varying compliances.
=521  \\$aFor undergraduate, graduate, and professional students
=546  \\$aEnglish
=650  \0$aBiology
=856  40$uhttps://www.jove.com/video/2089
=945  \\$aThe Whole World

