=LDR  00906ngm a2200000i 4500
=001  JoVEMedicine2100
=008  161201s2016\\\\xx\\\\\g\\\\\\s\\\\\eng\d
=035  \\$a(OCoLC)733445860
=040  \\$aVaAlASP$cVaAlASP
=100  1\$aPistner,Andrew
=245  12$aMurine Echocardiography and Ultrasound Imaging$h[electronic resource]
=260  \\$aCambridge, MA$bMyJoVE Corp$c2016
=300  \\$aonline resource (540 seconds)
=490  0\$aMedicine
=500  \\$aTitle from resource description page
=520  \\$aThis video demonstrates use of a rail-mounted high-frequency ultrasound probe to perform echocardiography on an anesthetized mouse.  The methods describe both conventional two-dimensional and M-mode measurements of cardiac function in addition to newer, more powerful tools such as color Doppler, strain analysis, as well as general and targeted contrast imaging.
=521  \\$aFor undergraduate, graduate, and professional students
=546  \\$aEnglish
=650  \0$aMedicine
=856  40$uhttps://www.jove.com/video/2100
=945  \\$aThe Whole World

