=LDR  00988ngm a2200000i 4500
=001  JoVEBiology2203
=008  161201s2016\\\\xx\\\\\g\\\\\\s\\\\\eng\d
=035  \\$a(OCoLC)733445860
=040  \\$aVaAlASP$cVaAlASP
=100  1\$aVasireddy,Raja S.
=245  12$aEvaluation of the Spatial Distribution of γH2AX following Ionizing Radiation$h[electronic resource]
=260  \\$aCambridge, MA$bMyJoVE Corp$c2016
=300  \\$aonline resource (568 seconds)
=490  0\$aBiology
=500  \\$aTitle from resource description page
=520  \\$aMicroscopic analysis of γH2AX foci, which form following the phosphorylation of H2AX at Ser-139 in response to DNA double-strand breaks, has become an invaluable tool in radiation biology. Here we used an antibody to mono-methylated histone H3 at lysine 4 as an epigenetic marker of actively transcribing euchromatin, to evaluate the spatial distribution of radiation-induced γH2AX formation within the nucleus. 
=521  \\$aFor undergraduate, graduate, and professional students
=546  \\$aEnglish
=650  \0$aBiology
=856  40$uhttps://www.jove.com/video/2203
=945  \\$aThe Whole World

