=LDR  00950ngm a2200000i 4500
=001  JoVEBiology2038
=008  161201s2016\\\\xx\\\\\g\\\\\\s\\\\\eng\d
=035  \\$a(OCoLC)733445860
=040  \\$aVaAlASP$cVaAlASP
=100  1\$aTaylor,Rion G.
=245  12$aRecording Multicellular Behavior in Myxococcus xanthus Biofilms using Time-lapse Microcinematography$h[electronic resource]
=260  \\$aCambridge, MA$bMyJoVE Corp$c2016
=300  \\$aonline resource (659 seconds)
=490  0\$aBiology
=500  \\$aTitle from resource description page
=520  \\$aTo study Myxococcus xanthus swarm behavior, we have designed a time-lapse microcinematography protocol that can be modified for different assays. It employs standard growth conditions adapted for microscopy, and yields reproducible results by the use of inexpensive, reusable silicone gaskets. We have used this method to quantify multicellular chemotaxis.
=521  \\$aFor undergraduate, graduate, and professional students
=546  \\$aEnglish
=650  \0$aBiology
=856  40$uhttps://www.jove.com/video/2038
=945  \\$aThe Whole World

