=LDR  00922ngm a2200000i 4500
=001  JoVEBiology2027
=008  161201s2016\\\\xx\\\\\g\\\\\\s\\\\\eng\d
=035  \\$a(OCoLC)733445860
=040  \\$aVaAlASP$cVaAlASP
=100  1\$aDunford,Eric A.
=245  12$aDNA Stable-Isotope Probing (DNA-SIP)$h[electronic resource]
=260  \\$aCambridge, MA$bMyJoVE Corp$c2016
=300  \\$aonline resource (897 seconds)
=490  0\$aBiology
=500  \\$aTitle from resource description page
=520  \\$aDNA stable-isotope probing is a cultivation-independent method to identify and characterize active communities of microorganisms that are capable of utilizing specific substrates. Assimilation of substrate enriched in heavy isotope leads to incorporation of labelled atoms into microbial biomass. Density gradient ultracentrifugation retrieves labelled DNA for downstream molecular analyses.
=521  \\$aFor undergraduate, graduate, and professional students
=546  \\$aEnglish
=650  \0$aBiology
=856  40$uhttps://www.jove.com/video/2027
=945  \\$aThe Whole World

