=LDR  00859ngm a2200000i 4500
=001  JoVEBiology2036
=008  161201s2016\\\\xx\\\\\g\\\\\\s\\\\\eng\d
=035  \\$a(OCoLC)733445860
=040  \\$aVaAlASP$cVaAlASP
=100  1\$aRitner,Carissa
=245  12$aFate Mapping of Human Embryonic Stem Cells by Teratoma Formation $h[electronic resource]
=260  \\$aCambridge, MA$bMyJoVE Corp$c2016
=300  \\$aonline resource (536 seconds)
=490  0\$aBiology
=500  \\$aTitle from resource description page
=520  \\$aDirected differentiation of hESCs into specific cells has generated much interest in regenerative medicine. We provide a concise, step-by-step protocol for determining the in vivo fate of selected hESCs that provides a valuable tool for characterizing tissue-specific reagents for cell-based therapy.
=521  \\$aFor undergraduate, graduate, and professional students
=546  \\$aEnglish
=650  \0$aBiology
=856  40$uhttps://www.jove.com/video/2036
=945  \\$aThe Whole World

