=LDR  00967ngm a2200000i 4500
=001  JoVEBiology1985
=008  161201s2016\\\\xx\\\\\g\\\\\\s\\\\\eng\d
=035  \\$a(OCoLC)733445860
=040  \\$aVaAlASP$cVaAlASP
=100  1\$aMichaelevski,Izhak
=245  12$aT-wave Ion Mobility-mass Spectrometry: Basic Experimental Procedures for Protein Complex Analysis$h[electronic resource]
=260  \\$aCambridge, MA$bMyJoVE Corp$c2016
=300  \\$aonline resource (1000 seconds)
=490  0\$aBiology
=500  \\$aTitle from resource description page
=520  \\$aIon mobility-mass spectrometry is an emerging gas-phase technology that separates ions, based on their collision cross-section and mass. The method provides three-dimensional information on the overall topology and shape of protein complexes. Here, we outline a basic procedure for instrument setting and optimization, calibration of drift times, and data interpretation.
=521  \\$aFor undergraduate, graduate, and professional students
=546  \\$aEnglish
=650  \0$aBiology
=856  40$uhttps://www.jove.com/video/1985
=945  \\$aThe Whole World

