=LDR  00884ngm a2200000i 4500
=001  JoVEBiology2176
=008  161201s2016\\\\xx\\\\\g\\\\\\s\\\\\eng\d
=035  \\$a(OCoLC)733445860
=040  \\$aVaAlASP$cVaAlASP
=100  1\$aBruneau,Amélie
=245  12$aPreparation of Rat Tail Tendons for Biomechanical and Mechanobiological Studies$h[electronic resource]
=260  \\$aCambridge, MA$bMyJoVE Corp$c2016
=300  \\$aonline resource (912 seconds)
=490  0\$aBiology
=500  \\$aTitle from resource description page
=520  \\$aThis article describes the experimental procedures used to prepare rat tail tendons for biomechanical and mechanobiological studies. Several features of the main steps in preparation are demonstrated, beginning with extraction, cross-sectional area measurement, rinsing and loading into the bioreactor chamber.
=521  \\$aFor undergraduate, graduate, and professional students
=546  \\$aEnglish
=650  \0$aBiology
=856  40$uhttps://www.jove.com/video/2176
=945  \\$aThe Whole World

