=LDR  00813ngm a2200000i 4500
=001  JoVEBiology2053
=008  161201s2016\\\\xx\\\\\g\\\\\\s\\\\\eng\d
=035  \\$a(OCoLC)733445860
=040  \\$aVaAlASP$cVaAlASP
=100  1\$aBuro,Lauren J.
=245  12$aChromatin Immunoprecipitation (ChIP) to Assay Dynamic Histone Modification in Activated Gene Expression in Human Cells$h[electronic resource]
=260  \\$aCambridge, MA$bMyJoVE Corp$c2016
=300  \\$aonline resource (800 seconds)
=490  0\$aBiology
=500  \\$aTitle from resource description page
=520  \\$aThis protocol describes how chromatin immunoprecipitation (ChIP) is used to study the dynamic alterations to the chromatin template that regulate transcription induced by a signal transduction pathway.
=521  \\$aFor undergraduate, graduate, and professional students
=546  \\$aEnglish
=650  \0$aBiology
=856  40$uhttps://www.jove.com/video/2053
=945  \\$aThe Whole World

