=LDR  00869ngm a2200000i 4500
=001  JoVEBiology1931
=008  161201s2016\\\\xx\\\\\g\\\\\\s\\\\\eng\d
=035  \\$a(OCoLC)733445860
=040  \\$aVaAlASP$cVaAlASP
=100  1\$aNguyen,Huy
=245  12$aDeficient Pms2, ERCC1, Ku86, CcOI in Field Defects During Progression to Colon Cancer$h[electronic resource]
=260  \\$aCambridge, MA$bMyJoVE Corp$c2016
=300  \\$aonline resource (1695 seconds)
=490  0\$aBiology
=500  \\$aTitle from resource description page
=520  \\$aReduced/absent expression of Pms2 and/or ERCC1 in entire crypts is a frequent event within 10 cm on each side of colonic adenocarcinomas, likely the basis of a field defect with high mutability and progression to cancer. Deficiency in Ku86 or CcOI is much less frequent in these field defects.
=521  \\$aFor undergraduate, graduate, and professional students
=546  \\$aEnglish
=650  \0$aBiology
=856  40$uhttps://www.jove.com/video/1931
=945  \\$aThe Whole World

