=LDR  00879ngm a2200000i 4500
=001  JoVEBiology2039
=008  161201s2016\\\\xx\\\\\g\\\\\\s\\\\\eng\d
=035  \\$a(OCoLC)733445860
=040  \\$aVaAlASP$cVaAlASP
=100  1\$aPan,Weihua
=245  12$aPrimer-Free Aptamer Selection Using A Random DNA Library$h[electronic resource]
=260  \\$aCambridge, MA$bMyJoVE Corp$c2016
=300  \\$aonline resource (674 seconds)
=490  0\$aBiology
=500  \\$aTitle from resource description page
=520  \\$aSELEX protocols comprise multiple rounds of selection, each of which require regeneration of bound ligands, which in turn require fixed primer sequences flanking the random library regions.  These fixed primer sequences can interfere with the selection process (false positives and negatives). Here we present a primer-free protocol.
=521  \\$aFor undergraduate, graduate, and professional students
=546  \\$aEnglish
=650  \0$aBiology
=856  40$uhttps://www.jove.com/video/2039
=945  \\$aThe Whole World

