=LDR  00705ngm a2200000i 4500
=001  JoVEBiology1958
=008  161201s2016\\\\xx\\\\\g\\\\\\s\\\\\eng\d
=035  \\$a(OCoLC)733445860
=040  \\$aVaAlASP$cVaAlASP
=100  1\$aSawasdichai,Anyaporn
=245  12$aIn situ Subcellular Fractionation of Adherent and Non-adherent Mammalian Cells$h[electronic resource]
=260  \\$aCambridge, MA$bMyJoVE Corp$c2016
=300  \\$aonline resource (560 seconds)
=490  0\$aBiology
=500  \\$aTitle from resource description page
=520  \\$aIn situ subcellular fractionation of mammalian cells on microscope coverslips allows the visualisation of protein localisation.
=521  \\$aFor undergraduate, graduate, and professional students
=546  \\$aEnglish
=650  \0$aBiology
=856  40$uhttps://www.jove.com/video/1958
=945  \\$aThe Whole World

