=LDR  00914ngm a2200000i 4500
=001  JoVEBiology2242
=008  161201s2016\\\\xx\\\\\g\\\\\\s\\\\\eng\d
=035  \\$a(OCoLC)733445860
=040  \\$aVaAlASP$cVaAlASP
=100  1\$aKrupp,Joshua J.
=245  12$aDissection of Oenocytes from Adult Drosophila melanogaster$h[electronic resource]
=260  \\$aCambridge, MA$bMyJoVE Corp$c2016
=300  \\$aonline resource (901 seconds)
=490  0\$aBiology
=500  \\$aTitle from resource description page
=520  \\$aIn insects, the oenocytes produce cuticular hydrocarbon compounds. These compounds protect against desiccation and facilitate chemical communication.  Here we demonstrate a dissection technique used to isolate the oenocytes from adult Drosophila melanogaster, and illustrate how this preparation can be utilized to study genes involved in hydrocarbon synthesis.
=521  \\$aFor undergraduate, graduate, and professional students
=546  \\$aEnglish
=650  \0$aBiology
=856  40$uhttps://www.jove.com/video/2242
=945  \\$aThe Whole World

