=LDR  00751ngm a2200000i 4500
=001  JoVEMedicine1977
=008  161201s2016\\\\xx\\\\\g\\\\\\s\\\\\eng\d
=035  \\$a(OCoLC)733445860
=040  \\$aVaAlASP$cVaAlASP
=100  1\$aRajendran,Simon
=245  12$aMurine Bioluminescent Hepatic Tumour Model$h[electronic resource]
=260  \\$aCambridge, MA$bMyJoVE Corp$c2016
=300  \\$aonline resource (323 seconds)
=490  0\$aMedicine
=500  \\$aTitle from resource description page
=520  \\$aThis article describes a procedure for the induction of orthotopic bioluminescent liver tumours in mice, and subsequent analysis of tumour growth confined to the liver using live whole body luminescence imaging.
=521  \\$aFor undergraduate, graduate, and professional students
=546  \\$aEnglish
=650  \0$aMedicine
=856  40$uhttps://www.jove.com/video/1977
=945  \\$aThe Whole World

