=LDR  00726ngm a2200000i 4500
=001  JoVEBiology1722
=008  161201s2016\\\\xx\\\\\g\\\\\\s\\\\\eng\d
=035  \\$a(OCoLC)733445860
=040  \\$aVaAlASP$cVaAlASP
=100  1\$aKague,Erika
=245  12$aMosaic Zebrafish Transgenesis for Evaluating Enhancer Sequences$h[electronic resource]
=260  \\$aCambridge, MA$bMyJoVE Corp$c2016
=300  \\$aonline resource (443 seconds)
=490  0\$aBiology
=500  \\$aTitle from resource description page
=520  \\$aWe demonstrate our approach to finding potential enhancer elements from developmentally regulated genes and evaluating their function through mosaic zebrafish transgenesis.
=521  \\$aFor undergraduate, graduate, and professional students
=546  \\$aEnglish
=650  \0$aBiology
=856  40$uhttps://www.jove.com/video/1722
=945  \\$aThe Whole World

