=LDR  00835ngm a2200000i 4500
=001  JoVEBiology2237
=008  161201s2016\\\\xx\\\\\g\\\\\\s\\\\\eng\d
=035  \\$a(OCoLC)733445860
=040  \\$aVaAlASP$cVaAlASP
=100  1\$aWagner,Kate
=245  12$aCryopreserving and Recovering of Human iPS Cells using Complete KnockOut Serum Replacement Feeder-Free Medium$h[electronic resource]
=260  \\$aCambridge, MA$bMyJoVE Corp$c2016
=300  \\$aonline resource (407 seconds)
=490  0\$aBiology
=500  \\$aTitle from resource description page
=520  \\$aThis protocol describes the detailed procedure for cryopreserving human iPS cells in KnockOut SR cryopreservation medium and recovering these cells in complete KnockOut SR Feeder Free (KSR-FF) medium or feeder-based KnockOut SR medium.
=521  \\$aFor undergraduate, graduate, and professional students
=546  \\$aEnglish
=650  \0$aBiology
=856  40$uhttps://www.jove.com/video/2237
=945  \\$aThe Whole World

