=LDR  00881ngm a2200000i 4500
=001  JoVEBiology2236
=008  161201s2016\\\\xx\\\\\g\\\\\\s\\\\\eng\d
=035  \\$a(OCoLC)733445860
=040  \\$aVaAlASP$cVaAlASP
=100  1\$aWagner,Kate
=245  12$aFeeder-Free Adaptation, Culture and Passaging of Human IPS Cells using Complete KnockOut Serum Replacement Feeder-Free Medium$h[electronic resource]
=260  \\$aCambridge, MA$bMyJoVE Corp$c2016
=300  \\$aonline resource (509 seconds)
=490  0\$aBiology
=500  \\$aTitle from resource description page
=520  \\$aThe following protocol provides instruction for adapting human induced Pluripotent Stem (iPS) Cells to feeder-free culture using complete KnockOut Serum Replacement Feeder-Free medium (KSR-FF). Once adapted, instructions for continual maintenance are also provided.
=521  \\$aFor undergraduate, graduate, and professional students
=546  \\$aEnglish
=650  \0$aBiology
=856  40$uhttps://www.jove.com/video/2236
=945  \\$aThe Whole World

