=LDR  00856ngm a2200000i 4500
=001  JoVEBiology2071
=008  161201s2016\\\\xx\\\\\g\\\\\\s\\\\\eng\d
=035  \\$a(OCoLC)733445860
=040  \\$aVaAlASP$cVaAlASP
=100  1\$aBoulland,Jean-Luc
=245  12$aXenotransplantation of Human Stem Cells into the Chicken Embryo$h[electronic resource]
=260  \\$aCambridge, MA$bMyJoVE Corp$c2016
=300  \\$aonline resource (942 seconds)
=490  0\$aBiology
=500  \\$aTitle from resource description page
=520  \\$aIn this paper we present a method for transplanting human stem cells into various regions of the central nervous system of the chicken embryo. This provides an in vivo model for assessing the proliferation and differentiation of various types of human stem cells in embryonic tissue environments.
=521  \\$aFor undergraduate, graduate, and professional students
=546  \\$aEnglish
=650  \0$aBiology
=856  40$uhttps://www.jove.com/video/2071
=945  \\$aThe Whole World

