=LDR  01019ngm a2200000i 4500
=001  JoVEMedicine1781
=008  161201s2016\\\\xx\\\\\g\\\\\\s\\\\\eng\d
=035  \\$a(OCoLC)733445860
=040  \\$aVaAlASP$cVaAlASP
=100  1\$aGnyawali,Surya C.
=245  12$aHigh-frequency High-resolution Echocardiography: First Evidence on Non-invasive Repeated Measure of Myocardial Strain, Contractility, and Mitral Regurgitation in the Ischemia-reperfused Murine Heart$h[electronic resource]
=260  \\$aCambridge, MA$bMyJoVE Corp$c2016
=300  \\$aonline resource (710 seconds)
=490  0\$aMedicine
=500  \\$aTitle from resource description page
=520  \\$aHigh frequency Doppler ultrasound is a novel technology for assessing regional myocardial function. This work presents first evidence demonstrating applicability of this versatile imaging platform for the repeated measure of myocardial strain, dp/dt, and mitral regurgitation in the ischemia-reperfused (IR) murine heart.
=521  \\$aFor undergraduate, graduate, and professional students
=546  \\$aEnglish
=650  \0$aMedicine
=856  40$uhttps://www.jove.com/video/1781
=945  \\$aThe Whole World

