=LDR  00848ngm a2200000i 4500
=001  JoVEBiology2101
=008  161201s2016\\\\xx\\\\\g\\\\\\s\\\\\eng\d
=035  \\$a(OCoLC)733445860
=040  \\$aVaAlASP$cVaAlASP
=100  1\$aBeshiri,Michael L.
=245  12$aGenome-wide Analysis using ChIP to Identify Isoform-specific Gene Targets$h[electronic resource]
=260  \\$aCambridge, MA$bMyJoVE Corp$c2016
=300  \\$aonline resource (679 seconds)
=490  0\$aBiology
=500  \\$aTitle from resource description page
=520  \\$aHere we are presenting a chromatin immunoprecipitation (ChIP) procedure for genome-wide location analysis of protein isoforms that differ in a histone-binding domain. We are applying it to ChIP-Seq analysis to identify the targets of the KDM5A/JARID1A/RBP2 histone demethylase.
=521  \\$aFor undergraduate, graduate, and professional students
=546  \\$aEnglish
=650  \0$aBiology
=856  40$uhttps://www.jove.com/video/2101
=945  \\$aThe Whole World

