=LDR  00647ngm a2200000i 4500
=001  JoVEBiology2011
=008  161201s2016\\\\xx\\\\\g\\\\\\s\\\\\eng\d
=035  \\$a(OCoLC)733445860
=040  \\$aVaAlASP$cVaAlASP
=100  1\$aLi,Yong
=245  12$aIsolating Stem Cells from Soft Musculoskeletal Tissues$h[electronic resource]
=260  \\$aCambridge, MA$bMyJoVE Corp$c2016
=300  \\$aonline resource (469 seconds)
=490  0\$aBiology
=500  \\$aTitle from resource description page
=520  \\$aIsolating adult stem cells from musculoskeletal soft tissues based on the cell's adherence speed to flask.
=521  \\$aFor undergraduate, graduate, and professional students
=546  \\$aEnglish
=650  \0$aBiology
=856  40$uhttps://www.jove.com/video/2011
=945  \\$aThe Whole World

