=LDR  00722ngm a2200000i 4500
=001  JoVEBiology1940
=008  161201s2016\\\\xx\\\\\g\\\\\\s\\\\\eng\d
=035  \\$a(OCoLC)733445860
=040  \\$aVaAlASP$cVaAlASP
=100  1\$aRibeiro,Maximiano P.
=245  12$aIsolation of Human Umbilical Arterial Smooth Muscle Cells (HUASMC)$h[electronic resource]
=260  \\$aCambridge, MA$bMyJoVE Corp$c2016
=300  \\$aonline resource (486 seconds)
=490  0\$aBiology
=500  \\$aTitle from resource description page
=520  \\$aThe umbilical cords are used to isolate smooth muscle cells by different ways. In this work we used the enzymatic treatment to isolated smooth muscle cells.
=521  \\$aFor undergraduate, graduate, and professional students
=546  \\$aEnglish
=650  \0$aBiology
=856  40$uhttps://www.jove.com/video/1940
=945  \\$aThe Whole World

