=LDR  00859ngm a2200000i 4500
=001  JoVEBiology2034
=008  161201s2016\\\\xx\\\\\g\\\\\\s\\\\\eng\d
=035  \\$a(OCoLC)733445860
=040  \\$aVaAlASP$cVaAlASP
=100  1\$aHafner,Markus
=245  12$aPAR-CliP - A Method to Identify Transcriptome-wide the Binding Sites of RNA Binding Proteins$h[electronic resource]
=260  \\$aCambridge, MA$bMyJoVE Corp$c2016
=300  \\$aonline resource (744 seconds)
=490  0\$aBiology
=500  \\$aTitle from resource description page
=520  \\$aRNA transcripts are subject to extensive posttranscriptional regulation that is mediated by a multitude of trans-acting RNA-binding proteins (RBPs). Here we present a generalizable method to identify precisely and on a transcriptome-wide scale the RNA binding sites of RBPs.
=521  \\$aFor undergraduate, graduate, and professional students
=546  \\$aEnglish
=650  \0$aBiology
=856  40$uhttps://www.jove.com/video/2034
=945  \\$aThe Whole World

