=LDR  00770ngm a2200000i 4500
=001  JoVEBiology1991
=008  161201s2016\\\\xx\\\\\g\\\\\\s\\\\\eng\d
=035  \\$a(OCoLC)733445860
=040  \\$aVaAlASP$cVaAlASP
=100  1\$aTrontelj,Katja
=245  12$aCell Electrofusion Visualized with Fluorescence Microscopy$h[electronic resource]
=260  \\$aCambridge, MA$bMyJoVE Corp$c2016
=300  \\$aonline resource (302 seconds)
=490  0\$aBiology
=500  \\$aTitle from resource description page
=520  \\$aIn this video we demonstrate efficient electrofusion of cells in vitro by means of modified adherence method using electroporation and the subsequent detection of fused cells visualization with fluorescence microscopy.
=521  \\$aFor undergraduate, graduate, and professional students
=546  \\$aEnglish
=650  \0$aBiology
=856  40$uhttps://www.jove.com/video/1991
=945  \\$aThe Whole World

