=LDR  00815ngm a2200000i 4500
=001  JoVEBiology2035
=008  161201s2016\\\\xx\\\\\g\\\\\\s\\\\\eng\d
=035  \\$a(OCoLC)733445860
=040  \\$aVaAlASP$cVaAlASP
=100  1\$aCarraro,Gianni
=245  12$aMouse Embryonic Lung Culture, A System to Evaluate the Molecular Mechanisms of Branching$h[electronic resource]
=260  \\$aCambridge, MA$bMyJoVE Corp$c2016
=300  \\$aonline resource (452 seconds)
=490  0\$aBiology
=500  \\$aTitle from resource description page
=520  \\$aEarly embryonic lung organ culture is a very useful system to study epithelial-mesenchymal interactions. Both epithelial and mesenchymal morphogenesis proceeds under specific conditions that can be readily manipulated in this system.
=521  \\$aFor undergraduate, graduate, and professional students
=546  \\$aEnglish
=650  \0$aBiology
=856  40$uhttps://www.jove.com/video/2035
=945  \\$aThe Whole World

