=LDR  00725ngm a2200000i 4500
=001  JoVEBiology2044
=008  161201s2016\\\\xx\\\\\g\\\\\\s\\\\\eng\d
=035  \\$a(OCoLC)733445860
=040  \\$aVaAlASP$cVaAlASP
=100  1\$aHuntley,Jason F.
=245  12$aMethod for the Isolation of Francisella tularensis Outer Membranes$h[electronic resource]
=260  \\$aCambridge, MA$bMyJoVE Corp$c2016
=300  \\$aonline resource (666 seconds)
=490  0\$aBiology
=500  \\$aTitle from resource description page
=520  \\$aA protocol for separating inner and outer membranes from Francisella tularensis by spheroplasting, osmotic lysis, and sucrose density gradient ultracentrifugation.
=521  \\$aFor undergraduate, graduate, and professional students
=546  \\$aEnglish
=650  \0$aBiology
=856  40$uhttps://www.jove.com/video/2044
=945  \\$aThe Whole World

