=LDR  00878ngm a2200000i 4500
=001  JoVEBiology2063
=008  161201s2016\\\\xx\\\\\g\\\\\\s\\\\\eng\d
=035  \\$a(OCoLC)733445860
=040  \\$aVaAlASP$cVaAlASP
=100  1\$aTang,Michelle M.
=245  12$aQuantitation of γH2AX Foci in Tissue Samples$h[electronic resource]
=260  \\$aCambridge, MA$bMyJoVE Corp$c2016
=300  \\$aonline resource (528 seconds)
=490  0\$aBiology
=500  \\$aTitle from resource description page
=520  \\$aQuantitation of DNA double-strand breaks on the basis of γH2AX foci has become an invaluable tool, particularly in radiation biology, for the evaluation of tissue radiosensitivity and effects of radiation modifying compounds.  Here we demonstrate the use of an immunofluorescence assay for quantitation of γH2AX foci in tissue samples.
=521  \\$aFor undergraduate, graduate, and professional students
=546  \\$aEnglish
=650  \0$aBiology
=856  40$uhttps://www.jove.com/video/2063
=945  \\$aThe Whole World

