=LDR  00715ngm a2200000i 4500
=001  JoVEBiology2028
=008  161201s2016\\\\xx\\\\\g\\\\\\s\\\\\eng\d
=035  \\$a(OCoLC)733445860
=040  \\$aVaAlASP$cVaAlASP
=100  1\$aZhang,Liyun
=245  12$aMicrodissection of Zebrafish Embryonic Eye Tissues$h[electronic resource]
=260  \\$aCambridge, MA$bMyJoVE Corp$c2016
=300  \\$aonline resource (541 seconds)
=490  0\$aBiology
=500  \\$aTitle from resource description page
=520  \\$aThis article describes an approach to microdissect zebrafish retinas with and without retinal pigment epithelium attached, from one to three days postfertilization embryos.  
=521  \\$aFor undergraduate, graduate, and professional students
=546  \\$aEnglish
=650  \0$aBiology
=856  40$uhttps://www.jove.com/video/2028
=945  \\$aThe Whole World

