=LDR  00889ngm a2200000i 4500
=001  JoVEBiology1995
=008  161201s2016\\\\xx\\\\\g\\\\\\s\\\\\eng\d
=035  \\$a(OCoLC)733445860
=040  \\$aVaAlASP$cVaAlASP
=100  1\$aKremers,Gert-Jan
=245  12$aPhotoconversion of Purified Fluorescent Proteins and Dual-probe Optical Highlighting in Live Cells$h[electronic resource]
=260  \\$aCambridge, MA$bMyJoVE Corp$c2016
=300  \\$aonline resource (681 seconds)
=490  0\$aBiology
=500  \\$aTitle from resource description page
=520  \\$aThis protocol describes a general approach to perform photoconversion of fluorescent proteins on a confocal laser scanning microscope. We describe procedures for the photoconversion of puried protein samples, as well as for dual-probe optical highlighting in live cells with mOrange2 and Dronpa.
=521  \\$aFor undergraduate, graduate, and professional students
=546  \\$aEnglish
=650  \0$aBiology
=856  40$uhttps://www.jove.com/video/1995
=945  \\$aThe Whole World

