=LDR  00894ngm a2200000i 4500
=001  JoVEBiology2014
=008  161201s2016\\\\xx\\\\\g\\\\\\s\\\\\eng\d
=035  \\$a(OCoLC)733445860
=040  \\$aVaAlASP$cVaAlASP
=100  1\$aShoemaker,James D.
=245  12$aOne-step Metabolomics: Carbohydrates, Organic and Amino Acids Quantified in a Single Procedure$h[electronic resource]
=260  \\$aCambridge, MA$bMyJoVE Corp$c2016
=300  \\$aonline resource (568 seconds)
=490  0\$aBiology
=500  \\$aTitle from resource description page
=520  \\$aThe urease method of sample preparation for GC/MS analysis of intermediary metabolites is presented by its inventor.  The method allows  one-step  follow-up of newborn screening for inborn errors by tandem mass spectrometry by quantifying carbohydrates, organic and amino acids all in a single process.
=521  \\$aFor undergraduate, graduate, and professional students
=546  \\$aEnglish
=650  \0$aBiology
=856  40$uhttps://www.jove.com/video/2014
=945  \\$aThe Whole World

