=LDR  00922ngm a2200000i 4500
=001  JoVEBiology1900
=008  161201s2016\\\\xx\\\\\g\\\\\\s\\\\\eng\d
=035  \\$a(OCoLC)733445860
=040  \\$aVaAlASP$cVaAlASP
=100  1\$aVogt,Andreas
=245  12$aDevelopment of automated imaging and analysis for zebrafish chemical screens. $h[electronic resource]
=260  \\$aCambridge, MA$bMyJoVE Corp$c2016
=300  \\$aonline resource (649 seconds)
=490  0\$aBiology
=500  \\$aTitle from resource description page
=520  \\$aWe report the development of a system for automated imaging and analysis of zebrafish transgenic embryos in multiwell plates. This demonstrates the ability to measure dose dependent effects of a small molecule, BCI, on Fibroblast Growth Factor reporter gene expression and provide technology for establishing high-throughput zebrafish chemical screens.
=521  \\$aFor undergraduate, graduate, and professional students
=546  \\$aEnglish
=650  \0$aBiology
=856  40$uhttps://www.jove.com/video/1900
=945  \\$aThe Whole World

