=LDR  00915ngm a2200000i 4500
=001  JoVEBiology2005
=008  161201s2016\\\\xx\\\\\g\\\\\\s\\\\\eng\d
=035  \\$a(OCoLC)733445860
=040  \\$aVaAlASP$cVaAlASP
=100  1\$aTran,Susan L.
=245  12$aIn-vivo Centrifugation of Drosophila Embryos$h[electronic resource]
=260  \\$aCambridge, MA$bMyJoVE Corp$c2016
=300  \\$aonline resource (834 seconds)
=490  0\$aBiology
=500  \\$aTitle from resource description page
=520  \\$aWe describe a method to separate organelles by density in living Drosophila embryos. Embryos are embedded in agar and centrifuged. This technique yields reproducible separation of major organelles along the anterior-posterior embryo axis. This method facilitates colocalization experiments and yields organelle fractions for biochemical analysis and transplantation experiments.
=521  \\$aFor undergraduate, graduate, and professional students
=546  \\$aEnglish
=650  \0$aBiology
=856  40$uhttps://www.jove.com/video/2005
=945  \\$aThe Whole World

