=LDR  00999ngm a2200000i 4500
=001  JoVEMedicine1861
=008  161201s2016\\\\xx\\\\\g\\\\\\s\\\\\eng\d
=035  \\$a(OCoLC)733445860
=040  \\$aVaAlASP$cVaAlASP
=100  1\$aNam,Douglas
=245  12$aA Model of Disturbed Flow-Induced Atherosclerosis in Mouse Carotid Artery by Partial Ligation and a Simple Method of RNA Isolation from Carotid Endothelium$h[electronic resource]
=260  \\$aCambridge, MA$bMyJoVE Corp$c2016
=300  \\$aonline resource (660 seconds)
=490  0\$aMedicine
=500  \\$aTitle from resource description page
=520  \\$aThis describes a partial carotid ligation surgery, which causes disturbed flow conditions and subsequent atherosclerosis development (in two weeks) with intraplaque neo-vascularization (in four weeks) in the mouse common carotid artery.  We also describe a novel method of RNA isolation from the carotid intima, providing high purity endothelial RNA.
=521  \\$aFor undergraduate, graduate, and professional students
=546  \\$aEnglish
=650  \0$aMedicine
=856  40$uhttps://www.jove.com/video/1861
=945  \\$aThe Whole World

