=LDR  00735ngm a2200000i 4500
=001  JoVEMedicine2048
=008  161201s2016\\\\xx\\\\\g\\\\\\s\\\\\eng\d
=035  \\$a(OCoLC)733445860
=040  \\$aVaAlASP$cVaAlASP
=100  1\$aRaup,Glenn H.
=245  12$aUsing Learning Outcome Measures to assess Doctoral Nursing Education$h[electronic resource]
=260  \\$aCambridge, MA$bMyJoVE Corp$c2016
=300  \\$aonline resource (607 seconds)
=490  0\$aMedicine
=500  \\$aTitle from resource description page
=520  \\$aThe structure and process for measuring student learning outcomes through customizable assessment rubrics is discussed and applied to a doctoral nursing education program.
=521  \\$aFor undergraduate, graduate, and professional students
=546  \\$aEnglish
=650  \0$aMedicine
=856  40$uhttps://www.jove.com/video/2048
=945  \\$aThe Whole World

