=LDR  00889ngm a2200000i 4500
=001  JoVEBiology2046
=008  161201s2016\\\\xx\\\\\g\\\\\\s\\\\\eng\d
=035  \\$a(OCoLC)733445860
=040  \\$aVaAlASP$cVaAlASP
=100  1\$aGünl,Markus
=245  12$aOLIgo Mass Profiling (OLIMP) of Extracellular Polysaccharides$h[electronic resource]
=260  \\$aCambridge, MA$bMyJoVE Corp$c2016
=300  \\$aonline resource (523 seconds)
=490  0\$aBiology
=500  \\$aTitle from resource description page
=520  \\$aA rapid way is described to gain insights into the structure of polysaccharides in an extracellular matrix. The method takes advantage of the specificity of glycosylhydrolases and the sensitivity of mass spectrometry allowing minute amounts of materials to be analyzed. This technique is adaptable to be used directly on tissue itself. 
=521  \\$aFor undergraduate, graduate, and professional students
=546  \\$aEnglish
=650  \0$aBiology
=856  40$uhttps://www.jove.com/video/2046
=945  \\$aThe Whole World

