=LDR  00902ngm a2200000i 4500
=001  JoVEBiology1954
=008  161201s2016\\\\xx\\\\\g\\\\\\s\\\\\eng\d
=035  \\$a(OCoLC)733445860
=040  \\$aVaAlASP$cVaAlASP
=100  1\$aKirshenbaum,Noam
=245  12$aAnalyzing Large Protein Complexes by Structural Mass Spectrometry$h[electronic resource]
=260  \\$aCambridge, MA$bMyJoVE Corp$c2016
=300  \\$aonline resource (935 seconds)
=490  0\$aBiology
=500  \\$aTitle from resource description page
=520  \\$aMass spectrometry has proven to be a valuable tool for analyzing large protein complexes. This method enables insights into the composition, stoichiometry and overall architecture of multi-subunit assemblies. Here, we describe, step-by-step, how to perform a structural mass spectrometry analysis, and characterize macromolecular structures.
=521  \\$aFor undergraduate, graduate, and professional students
=546  \\$aEnglish
=650  \0$aBiology
=856  40$uhttps://www.jove.com/video/1954
=945  \\$aThe Whole World

