=LDR  00696ngm a2200000i 4500
=001  JoVEBiology2007
=008  161201s2016\\\\xx\\\\\g\\\\\\s\\\\\eng\d
=035  \\$a(OCoLC)733445860
=040  \\$aVaAlASP$cVaAlASP
=100  1\$aZaborske,John
=245  12$aGenome-wide Analysis of Aminoacylation (Charging) Levels of tRNA Using Microarrays$h[electronic resource]
=260  \\$aCambridge, MA$bMyJoVE Corp$c2016
=300  \\$aonline resource (452 seconds)
=490  0\$aBiology
=500  \\$aTitle from resource description page
=520  \\$aWe describe a method for microarray analysis to determine relative aminoacylation levels of all tRNAs from S. cerivisiae.
=521  \\$aFor undergraduate, graduate, and professional students
=546  \\$aEnglish
=650  \0$aBiology
=856  40$uhttps://www.jove.com/video/2007
=945  \\$aThe Whole World

