=LDR  00763ngm a2200000i 4500
=001  JoVEBiology1700
=008  161201s2016\\\\xx\\\\\g\\\\\\s\\\\\eng\d
=035  \\$a(OCoLC)733445860
=040  \\$aVaAlASP$cVaAlASP
=100  1\$aOgrean,Christy
=245  12$aQuantitative Real-Time PCR using the Thermo Scientific Solaris qPCR Assay$h[electronic resource]
=260  \\$aCambridge, MA$bMyJoVE Corp$c2016
=300  \\$aonline resource (561 seconds)
=490  0\$aBiology
=500  \\$aTitle from resource description page
=520  \\$aThe Solaris qPCR Gene Expression Assays are novel pre-designed qPCR primer/probe combinations designed to simplify the qPCR process without sacrificing the specificity and robustness of the assay.
=521  \\$aFor undergraduate, graduate, and professional students
=546  \\$aEnglish
=650  \0$aBiology
=856  40$uhttps://www.jove.com/video/1700
=945  \\$aThe Whole World

