=LDR  00905ngm a2200000i 4500
=001  JoVEBiology1996
=008  161201s2016\\\\xx\\\\\g\\\\\\s\\\\\eng\d
=035  \\$a(OCoLC)733445860
=040  \\$aVaAlASP$cVaAlASP
=100  1\$aNash,Katherine
=245  12$aTechniques for Imaging Ca2+ Signaling in Human Sperm$h[electronic resource]
=260  \\$aCambridge, MA$bMyJoVE Corp$c2016
=300  \\$aonline resource (458 seconds)
=490  0\$aBiology
=500  \\$aTitle from resource description page
=520  \\$aStimulus-evoked [Ca2+]i signals of individual human sperm are assessed. Motile cells are loaded with Ca2+-sensitive fluorescent dye (AM-ester method) and immobilised in a perfusable chamber. Cells are imaged by time-lapse fluorescence microscopy and stimulated via the perfusing medium. Responses of single cells (or regions) are analysed offline using Excel.
=521  \\$aFor undergraduate, graduate, and professional students
=546  \\$aEnglish
=650  \0$aBiology
=856  40$uhttps://www.jove.com/video/1996
=945  \\$aThe Whole World

