=LDR  00892ngm a2200000i 4500
=001  JoVEBiology1948
=008  161201s2016\\\\xx\\\\\g\\\\\\s\\\\\eng\d
=035  \\$a(OCoLC)733445860
=040  \\$aVaAlASP$cVaAlASP
=100  1\$aEsposito,Anthony M.
=245  12$aEukaryotic Polyribosome Profile Analysis$h[electronic resource]
=260  \\$aCambridge, MA$bMyJoVE Corp$c2016
=300  \\$aonline resource (556 seconds)
=490  0\$aBiology
=500  \\$aTitle from resource description page
=520  \\$aThis article describes a protocol for the extraction of translating ribosomes from eukaryotic cells.  Once extracted, ribosomes are separated into monosomes and polyribosomes by sucrose gradient fractionation to allow different ribosomal populations to be analyzed.  As such, this method is the gold standard for examining the regulation of translation.
=521  \\$aFor undergraduate, graduate, and professional students
=546  \\$aEnglish
=650  \0$aBiology
=856  40$uhttps://www.jove.com/video/1948
=945  \\$aThe Whole World

