=LDR  00731ngm a2200000i 4500
=001  JoVEBiology1935
=008  161201s2016\\\\xx\\\\\g\\\\\\s\\\\\eng\d
=035  \\$a(OCoLC)733445860
=040  \\$aVaAlASP$cVaAlASP
=100  1\$aDanielli,Amos
=245  12$aRapid Homogeneous Detection of Biological Assays Using Magnetic Modulation Biosensing System$h[electronic resource]
=260  \\$aCambridge, MA$bMyJoVE Corp$c2016
=300  \\$aonline resource (418 seconds)
=490  0\$aBiology
=500  \\$aTitle from resource description page
=520  \\$aMagnetic modulation biosensing system is utilized to rapidly, sensitively and simply detect biological assays, such as DNA molecules and proteins.
=521  \\$aFor undergraduate, graduate, and professional students
=546  \\$aEnglish
=650  \0$aBiology
=856  40$uhttps://www.jove.com/video/1935
=945  \\$aThe Whole World

