=LDR  00888ngm a2200000i 4500
=001  JoVEBiology1963
=008  161201s2016\\\\xx\\\\\g\\\\\\s\\\\\eng\d
=035  \\$a(OCoLC)733445860
=040  \\$aVaAlASP$cVaAlASP
=100  1\$aHollender,Courtney A.
=245  12$aBimolecular Fluorescence Complementation (BiFC) Assay for Protein-Protein Interaction in Onion Cells Using the Helios Gene Gun$h[electronic resource]
=260  \\$aCambridge, MA$bMyJoVE Corp$c2016
=300  \\$aonline resource (639 seconds)
=490  0\$aBiology
=500  \\$aTitle from resource description page
=520  \\$aThis article illustrates how to properly use the BioRad Helios Gene Gun to introduce plasmid DNA into onion epidermal cells and how to test for protein-protein interactions in onion cells based on the principle of Bimolecular Fluorescence Complementation (BiFC)
=521  \\$aFor undergraduate, graduate, and professional students
=546  \\$aEnglish
=650  \0$aBiology
=856  40$uhttps://www.jove.com/video/1963
=945  \\$aThe Whole World

