=LDR  00910ngm a2200000i 4500
=001  JoVEBiology1952
=008  161201s2016\\\\xx\\\\\g\\\\\\s\\\\\eng\d
=035  \\$a(OCoLC)733445860
=040  \\$aVaAlASP$cVaAlASP
=100  1\$aMara,Chloe
=245  12$aFloral-dip Transformation of Arabidopsis thaliana to Examine pTSO2::β-glucuronidase Reporter Gene Expression$h[electronic resource]
=260  \\$aCambridge, MA$bMyJoVE Corp$c2016
=300  \\$aonline resource (624 seconds)
=490  0\$aBiology
=500  \\$aTitle from resource description page
=520  \\$aThis article illustrates the floral-dip method of Agrobacterium tumefaciens -mediated transformation of Arabidopsis thaliana. By introducing a cell-cycle regulated promoter-reporter, pTSO2::β-glucuronidase (GUS), into Arabidopsis, we illustrates how one detects GUS reporter expression in transgenic seedlings.
=521  \\$aFor undergraduate, graduate, and professional students
=546  \\$aEnglish
=650  \0$aBiology
=856  40$uhttps://www.jove.com/video/1952
=945  \\$aThe Whole World

