=LDR  00844ngm a2200000i 4500
=001  JoVEBiology1849
=008  161201s2016\\\\xx\\\\\g\\\\\\s\\\\\eng\d
=035  \\$a(OCoLC)733445860
=040  \\$aVaAlASP$cVaAlASP
=100  1\$aDunphy,Karen A.
=245  12$aMammary Epithelial Transplant Procedure$h[electronic resource]
=260  \\$aCambridge, MA$bMyJoVE Corp$c2016
=300  \\$aonline resource (531 seconds)
=490  0\$aBiology
=500  \\$aTitle from resource description page
=520  \\$aThis article demonstrates the procedure developed by DeOme KB et al. (1959) and the sparing procedure developed by Brill B et al. (2008) for clearing the 4th inguinal mammary fat pad of a pubescent mouse in preparation for transplantation of mammary fragments, mammary epithelial cells, or mammary tumor cells.
=521  \\$aFor undergraduate, graduate, and professional students
=546  \\$aEnglish
=650  \0$aBiology
=856  40$uhttps://www.jove.com/video/1849
=945  \\$aThe Whole World

