=LDR  00625ngm a2200000i 4500
=001  JoVEBiology2040
=008  161201s2016\\\\xx\\\\\g\\\\\\s\\\\\eng\d
=035  \\$a(OCoLC)733445860
=040  \\$aVaAlASP$cVaAlASP
=100  1\$aGoryaynov,Alexander
=245  12$aSingle-Molecule Imaging of Nuclear Transport$h[electronic resource]
=260  \\$aCambridge, MA$bMyJoVE Corp$c2016
=300  \\$aonline resource (733 seconds)
=490  0\$aBiology
=500  \\$aTitle from resource description page
=520  \\$aSingle molecule microscopy approch provided novel insights into nuclear transport.
=521  \\$aFor undergraduate, graduate, and professional students
=546  \\$aEnglish
=650  \0$aBiology
=856  40$uhttps://www.jove.com/video/2040
=945  \\$aThe Whole World

