=LDR  00802ngm a2200000i 4500
=001  JoVEBiology1964
=008  161201s2016\\\\xx\\\\\g\\\\\\s\\\\\eng\d
=035  \\$a(OCoLC)733445860
=040  \\$aVaAlASP$cVaAlASP
=100  1\$aChiu,Shang-Yi
=245  12$aDerivation of Mouse Trophoblast Stem Cells from Blastocysts$h[electronic resource]
=260  \\$aCambridge, MA$bMyJoVE Corp$c2016
=300  \\$aonline resource (619 seconds)
=490  0\$aBiology
=500  \\$aTitle from resource description page
=520  \\$aIn this video, we demonstrate the isolation of mouse blastocysts and the derivation of trophoblast stem cells from blastocysts.  We also describe conditions for maintenance of the stem cell property as well as induction of differentiation in culture.
=521  \\$aFor undergraduate, graduate, and professional students
=546  \\$aEnglish
=650  \0$aBiology
=856  40$uhttps://www.jove.com/video/1964
=945  \\$aThe Whole World

