=LDR  00732ngm a2200000i 4500
=001  JoVEBiology1970
=008  161201s2016\\\\xx\\\\\g\\\\\\s\\\\\eng\d
=035  \\$a(OCoLC)733445860
=040  \\$aVaAlASP$cVaAlASP
=100  1\$aKim,Abraham
=245  12$aIn situ Quantification of Pancreatic Beta-cell Mass in Mice$h[electronic resource]
=260  \\$aCambridge, MA$bMyJoVE Corp$c2016
=300  \\$aonline resource (590 seconds)
=490  0\$aBiology
=500  \\$aTitle from resource description page
=520  \\$aThe following protocol outlines the process of pancreatic dissection for virtual slice imaging, and the subsequent quantification of all GFP-tagged beta-cells in the entire pancreas.
=521  \\$aFor undergraduate, graduate, and professional students
=546  \\$aEnglish
=650  \0$aBiology
=856  40$uhttps://www.jove.com/video/1970
=945  \\$aThe Whole World

