=LDR  00691ngm a2200000i 4500
=001  JoVEBiology1878
=008  161201s2016\\\\xx\\\\\g\\\\\\s\\\\\eng\d
=035  \\$a(OCoLC)733445860
=040  \\$aVaAlASP$cVaAlASP
=100  1\$aMackay,Douglas R.
=245  12$aTime-lapse Imaging of Mitosis After siRNA Transfection$h[electronic resource]
=260  \\$aCambridge, MA$bMyJoVE Corp$c2016
=300  \\$aonline resource (501 seconds)
=490  0\$aBiology
=500  \\$aTitle from resource description page
=520  \\$aHere we describe a basic protocol to image and quantify the mitotic timing of live mammalian tissue culture cells after siRNA transfection. 
=521  \\$aFor undergraduate, graduate, and professional students
=546  \\$aEnglish
=650  \0$aBiology
=856  40$uhttps://www.jove.com/video/1878
=945  \\$aThe Whole World

