=LDR  00724ngm a2200000i 4500
=001  JoVEMedicine1894
=008  161201s2016\\\\xx\\\\\g\\\\\\s\\\\\eng\d
=035  \\$a(OCoLC)733445860
=040  \\$aVaAlASP$cVaAlASP
=100  1\$aGualano,Bruno
=245  12$aVascular Occlusion Training for Inclusion Body Myositis: A Novel Therapeutic Approach$h[electronic resource]
=260  \\$aCambridge, MA$bMyJoVE Corp$c2016
=300  \\$aonline resource (541 seconds)
=490  0\$aMedicine
=500  \\$aTitle from resource description page
=520  \\$aThe present article presents the details pertaining to the application of resistance training associated to vascular occlusion in IBM patients.
=521  \\$aFor undergraduate, graduate, and professional students
=546  \\$aEnglish
=650  \0$aMedicine
=856  40$uhttps://www.jove.com/video/1894
=945  \\$aThe Whole World

