=LDR  00799ngm a2200000i 4500
=001  JoVEBiology1982
=008  161201s2016\\\\xx\\\\\g\\\\\\s\\\\\eng\d
=035  \\$a(OCoLC)733445860
=040  \\$aVaAlASP$cVaAlASP
=100  1\$aBuster,Daniel W.
=245  12$aPreparation of Drosophila S2 cells for Light Microscopy$h[electronic resource]
=260  \\$aCambridge, MA$bMyJoVE Corp$c2016
=300  \\$aonline resource (579 seconds)
=490  0\$aBiology
=500  \\$aTitle from resource description page
=520  \\$aDrosophila Schneider (S2) cells are an increasingly popular system for the discovery and functional analysis of genes. Our goal is to describe some of the microscopic techniques that make S2 cells such an increasingly important experimental system.
=521  \\$aFor undergraduate, graduate, and professional students
=546  \\$aEnglish
=650  \0$aBiology
=856  40$uhttps://www.jove.com/video/1982
=945  \\$aThe Whole World

