=LDR  00808ngm a2200000i 4500
=001  JoVEBiology1915
=008  161201s2016\\\\xx\\\\\g\\\\\\s\\\\\eng\d
=035  \\$a(OCoLC)733445860
=040  \\$aVaAlASP$cVaAlASP
=100  1\$aBoustany,Nada N.
=245  12$aOptical Scatter Microscopy Based on Two-Dimensional Gabor Filters$h[electronic resource]
=260  \\$aCambridge, MA$bMyJoVE Corp$c2016
=300  \\$aonline resource (898 seconds)
=490  0\$aBiology
=500  \\$aTitle from resource description page
=520  \\$aWe demonstrate a dark-field microscopy method based on Gabor-like filtering to measure subcellular dynamics within single living cells. The technique is sensitive to alterations in the structure of organelles, such as mitochondrial fragmentation. 
=521  \\$aFor undergraduate, graduate, and professional students
=546  \\$aEnglish
=650  \0$aBiology
=856  40$uhttps://www.jove.com/video/1915
=945  \\$aThe Whole World

