=LDR  00659ngm a2200000i 4500
=001  JoVEBiology1947
=008  161201s2016\\\\xx\\\\\g\\\\\\s\\\\\eng\d
=035  \\$a(OCoLC)733445860
=040  \\$aVaAlASP$cVaAlASP
=100  1\$aWu,Shaoping
=245  12$aChronic Salmonella Infected Mouse Model$h[electronic resource]
=260  \\$aCambridge, MA$bMyJoVE Corp$c2016
=300  \\$aonline resource (541 seconds)
=490  0\$aBiology
=500  \\$aTitle from resource description page
=520  \\$aEstablish a chronic bacterial infected mouse model with persistent Salmonella typhimurium colonization in intestine for 27 weeks.
=521  \\$aFor undergraduate, graduate, and professional students
=546  \\$aEnglish
=650  \0$aBiology
=856  40$uhttps://www.jove.com/video/1947
=945  \\$aThe Whole World

