=LDR  01067ngm a2200000i 4500
=001  JoVEBiology1925
=008  161201s2016\\\\xx\\\\\g\\\\\\s\\\\\eng\d
=035  \\$a(OCoLC)733445860
=040  \\$aVaAlASP$cVaAlASP
=100  1\$aWarnasooriya,Sankalpi N.
=245  12$aInvestigating Tissue- and Organ-specific Phytochrome Responses using FACS-assisted Cell-type Specific Expression Profiling in Arabidopsis thaliana$h[electronic resource]
=260  \\$aCambridge, MA$bMyJoVE Corp$c2016
=300  \\$aonline resource (610 seconds)
=490  0\$aBiology
=500  \\$aTitle from resource description page
=520  \\$aThe molecular basis of spatial-specific phytochrome responses is being investigated using transgenic plants that exhibit tissue- and organ-specific phytochrome deficiencies. The isolation of specific cells exhibiting induced phytochrome chromophore depletion by Fluorescence-Activated Cell Sorting followed by microarray analyses is being utilized to identify genes involved in spatial-specific phytochrome responses.
=521  \\$aFor undergraduate, graduate, and professional students
=546  \\$aEnglish
=650  \0$aBiology
=856  40$uhttps://www.jove.com/video/1925
=945  \\$aThe Whole World

