=LDR  00879ngm a2200000i 4500
=001  JoVEMedicine1738
=008  161201s2016\\\\xx\\\\\g\\\\\\s\\\\\eng\d
=035  \\$a(OCoLC)733445860
=040  \\$aVaAlASP$cVaAlASP
=100  1\$aRespress,Jonathan L.
=245  12$aTransthoracic Echocardiography in Mice$h[electronic resource]
=260  \\$aCambridge, MA$bMyJoVE Corp$c2016
=300  \\$aonline resource (489 seconds)
=490  0\$aMedicine
=500  \\$aTitle from resource description page
=520  \\$aTransthoracic echocardiography offers a noninvasive method for the evaluation of cardiac function in mice. A combination of ultrasound and Doppler imaging modalities can be used to obtain dimensional measurements of the heart and intracardiac blood flow, which together provide an assessment of cardiac systolic and diastolic performance.
=521  \\$aFor undergraduate, graduate, and professional students
=546  \\$aEnglish
=650  \0$aMedicine
=856  40$uhttps://www.jove.com/video/1738
=945  \\$aThe Whole World

