=LDR  00780ngm a2200000i 4500
=001  JoVEBiology1739
=008  161201s2016\\\\xx\\\\\g\\\\\\s\\\\\eng\d
=035  \\$a(OCoLC)733445860
=040  \\$aVaAlASP$cVaAlASP
=100  1\$aMcCauley,Mark D.
=245  12$aAmbulatory ECG Recording in Mice$h[electronic resource]
=260  \\$aCambridge, MA$bMyJoVE Corp$c2016
=300  \\$aonline resource (480 seconds)
=490  0\$aBiology
=500  \\$aTitle from resource description page
=520  \\$aTelemetric ECG has emerged as an essential tool in evaluating animal models for cardiac arrhythmias and sudden cardiac death. Here, we present a stepwise guide to telemetric ECG recordings for application in long-term ambulatory ECG monitoring in mice.
=521  \\$aFor undergraduate, graduate, and professional students
=546  \\$aEnglish
=650  \0$aBiology
=856  40$uhttps://www.jove.com/video/1739
=945  \\$aThe Whole World

