=LDR  00911ngm a2200000i 4500
=001  JoVEMedicine1730
=008  161201s2016\\\\xx\\\\\g\\\\\\s\\\\\eng\d
=035  \\$a(OCoLC)733445860
=040  \\$aVaAlASP$cVaAlASP
=100  1\$aLi,Na
=245  12$aProgrammed Electrical Stimulation in Mice$h[electronic resource]
=260  \\$aCambridge, MA$bMyJoVE Corp$c2016
=300  \\$aonline resource (449 seconds)
=490  0\$aMedicine
=500  \\$aTitle from resource description page
=520  \\$aProgrammed electrical stimulation provides the ability to determine conduction properties of the heart, and the possibility to induce and terminate cardiac arrhythmias using various pacing protocols. Using a transvenous catheter, intracardiac electrogram recordings can be obtained in mice following programmed electrical stimulation protocols to identify arrhythmogenic substrates.
=521  \\$aFor undergraduate, graduate, and professional students
=546  \\$aEnglish
=650  \0$aMedicine
=856  40$uhttps://www.jove.com/video/1730
=945  \\$aThe Whole World

