=LDR  00994ngm a2200000i 4500
=001  JoVEBiology1949
=008  161201s2016\\\\xx\\\\\g\\\\\\s\\\\\eng\d
=035  \\$a(OCoLC)733445860
=040  \\$aVaAlASP$cVaAlASP
=100  1\$aJoshi,Sagar D.
=245  12$aLive-cell Imaging and Quantitative Analysis of Embryonic Epithelial Cells in Xenopus laevis$h[electronic resource]
=260  \\$aCambridge, MA$bMyJoVE Corp$c2016
=300  \\$aonline resource (411 seconds)
=490  0\$aBiology
=500  \\$aTitle from resource description page
=520  \\$aXenopus embryonic epithelia are an ideal model system to study cell behaviors such as polarity development and shape change during epithelial morphogenesis. Traditional histology of fixed samples is increasingly being complemented by live-cell confocal imaging. Here we demonstrate methods to isolate frog tissues and visualize live epithelial cells and their cytoskeleton using live-cell confocal microscopy.
=521  \\$aFor undergraduate, graduate, and professional students
=546  \\$aEnglish
=650  \0$aBiology
=856  40$uhttps://www.jove.com/video/1949
=945  \\$aThe Whole World

