=LDR  00872ngm a2200000i 4500
=001  JoVEBiology1933
=008  161201s2016\\\\xx\\\\\g\\\\\\s\\\\\eng\d
=035  \\$a(OCoLC)733445860
=040  \\$aVaAlASP$cVaAlASP
=100  1\$aLin,Sabrina
=245  12$aVideo Bioinformatics Analysis of Human Embryonic Stem Cell Colony Growth$h[electronic resource]
=260  \\$aCambridge, MA$bMyJoVE Corp$c2016
=300  \\$aonline resource (791 seconds)
=490  0\$aBiology
=500  \\$aTitle from resource description page
=520  \\$aVideo bioinformatics is the automated processing, analysis, understanding, and data mining of biological spatio-temporal data extracted from microscopic videos.  The purpose of this article is to demonstrate a method for measuring human embryonic stem cell colony growth using a video bioinformatics method.  
=521  \\$aFor undergraduate, graduate, and professional students
=546  \\$aEnglish
=650  \0$aBiology
=856  40$uhttps://www.jove.com/video/1933
=945  \\$aThe Whole World

