=LDR  00877ngm a2200000i 4500
=001  JoVEBiology1960
=008  161201s2016\\\\xx\\\\\g\\\\\\s\\\\\eng\d
=035  \\$a(OCoLC)733445860
=040  \\$aVaAlASP$cVaAlASP
=100  1\$aJiang,Peng
=245  12$aDifferentiation of Embryonic Stem Cells into Oligodendrocyte Precursors$h[electronic resource]
=260  \\$aCambridge, MA$bMyJoVE Corp$c2016
=300  \\$aonline resource (491 seconds)
=490  0\$aBiology
=500  \\$aTitle from resource description page
=520  \\$aWe describe a small molecule-based protocol for differentiation of mouse embryonic stem cells into oligodendrocyte precursor cells (OPCs). This protocol generates Olig2+NG2+ OPCs with high efficiency by 30 days of differentiation. We also describe a method to generate "spiking" OPCs that can fire action potentials.
=521  \\$aFor undergraduate, graduate, and professional students
=546  \\$aEnglish
=650  \0$aBiology
=856  40$uhttps://www.jove.com/video/1960
=945  \\$aThe Whole World

