=LDR  00913ngm a2200000i 4500
=001  JoVEBiology1876
=008  161201s2016\\\\xx\\\\\g\\\\\\s\\\\\eng\d
=035  \\$a(OCoLC)733445860
=040  \\$aVaAlASP$cVaAlASP
=100  1\$aProvost,Christopher R.
=245  12$aFluorescent Labeling of COS-7 Expressing SNAP-tag Fusion Proteins for Live Cell Imaging$h[electronic resource]
=260  \\$aCambridge, MA$bMyJoVE Corp$c2016
=300  \\$aonline resource (458 seconds)
=490  0\$aBiology
=500  \\$aTitle from resource description page
=520  \\$aSNAP-tag and CLIP-tag protein labeling systems enable the specific, covalent attachment of molecules, including fluorescent dyes, to a protein of interest in live cells. Once cloned and expressed, the tagged protein can be used with a variety of substrates for numerous downstream applications without having to clone again.
=521  \\$aFor undergraduate, graduate, and professional students
=546  \\$aEnglish
=650  \0$aBiology
=856  40$uhttps://www.jove.com/video/1876
=945  \\$aThe Whole World

