=LDR  00740ngm a2200000i 4500
=001  JoVEBiology1932
=008  161201s2016\\\\xx\\\\\g\\\\\\s\\\\\eng\d
=035  \\$a(OCoLC)733445860
=040  \\$aVaAlASP$cVaAlASP
=100  1\$aViczian,Andrea S.
=245  12$aTissue Determination Using the Animal Cap Transplant (ACT) Assay in Xenopus laevis$h[electronic resource]
=260  \\$aCambridge, MA$bMyJoVE Corp$c2016
=300  \\$aonline resource (660 seconds)
=490  0\$aBiology
=500  \\$aTitle from resource description page
=520  \\$aAnimal caps overexpressing gene product(s) are transplanted to the flank of developing Xenopus laevis embryos in order to establish whether tissue is determined.
=521  \\$aFor undergraduate, graduate, and professional students
=546  \\$aEnglish
=650  \0$aBiology
=856  40$uhttps://www.jove.com/video/1932
=945  \\$aThe Whole World

