=LDR  00737ngm a2200000i 4500
=001  JoVEMedicine1962
=008  161201s2016\\\\xx\\\\\g\\\\\\s\\\\\eng\d
=035  \\$a(OCoLC)733445860
=040  \\$aVaAlASP$cVaAlASP
=100  1\$aKarim,Shah M. R.
=245  12$aA Novel Capsulorhexis Technique Using Shearing Forces with Cystotome$h[electronic resource]
=260  \\$aCambridge, MA$bMyJoVE Corp$c2016
=300  \\$aonline resource (293 seconds)
=490  0\$aMedicine
=500  \\$aTitle from resource description page
=520  \\$aThis video demonstrates a novel capsulorhexis technique in modern cataract surgery. Capsulorhexis is the most difficult and important part of phacoemulsification surgery.
=521  \\$aFor undergraduate, graduate, and professional students
=546  \\$aEnglish
=650  \0$aMedicine
=856  40$uhttps://www.jove.com/video/1962
=945  \\$aThe Whole World

