=LDR  00754ngm a2200000i 4500
=001  JoVEBiology2008
=008  161201s2016\\\\xx\\\\\g\\\\\\s\\\\\eng\d
=035  \\$a(OCoLC)733445860
=040  \\$aVaAlASP$cVaAlASP
=100  1\$aTheis,Mirko
=245  12$aMISSION esiRNA for RNAi Screening in Mammalian Cells$h[electronic resource]
=260  \\$aCambridge, MA$bMyJoVE Corp$c2016
=300  \\$aonline resource (931 seconds)
=490  0\$aBiology
=500  \\$aTitle from resource description page
=520  \\$aHere we use a human esiRNA library in a high-throughput screen for genes involved in cell division. We demonstrate how to set up and conduct an esiRNA screens, as well as how to analyze and validate the results.
=521  \\$aFor undergraduate, graduate, and professional students
=546  \\$aEnglish
=650  \0$aBiology
=856  40$uhttps://www.jove.com/video/2008
=945  \\$aThe Whole World

