=LDR  00966ngm a2200000i 4500
=001  JoVEBiology1869
=008  161201s2016\\\\xx\\\\\g\\\\\\s\\\\\eng\d
=035  \\$a(OCoLC)733445860
=040  \\$aVaAlASP$cVaAlASP
=100  1\$avan Berkum,Nynke L.
=245  12$aHi-C: A Method to Study the Three-dimensional Architecture of Genomes.$h[electronic resource]
=260  \\$aCambridge, MA$bMyJoVE Corp$c2016
=300  \\$aonline resource (1345 seconds)
=490  0\$aBiology
=500  \\$aTitle from resource description page
=520  \\$aThe Hi-C method allows unbiased, genome-wide identification of chromatin interactions (1). Hi-C couples proximity ligation and massively parallel sequencing. The resulting data can be used to study genomic architecture at multiple scales: initial results identified features such as chromosome territories, segregation of open and closed chromatin, and chromatin structure at the megabase scale. 
=521  \\$aFor undergraduate, graduate, and professional students
=546  \\$aEnglish
=650  \0$aBiology
=856  40$uhttps://www.jove.com/video/1869
=945  \\$aThe Whole World

