=LDR  00702ngm a2200000i 4500
=001  JoVEBiology1943
=008  161201s2016\\\\xx\\\\\g\\\\\\s\\\\\eng\d
=035  \\$a(OCoLC)733445860
=040  \\$aVaAlASP$cVaAlASP
=100  1\$aChen,Songye
=245  12$aElectron Cryotomography of Bacterial Cells$h[electronic resource]
=260  \\$aCambridge, MA$bMyJoVE Corp$c2016
=300  \\$aonline resource (863 seconds)
=490  0\$aBiology
=500  \\$aTitle from resource description page
=520  \\$aWe illustrate here how to use electron cryotomography (ECT) to study the ultrastructure of bacterial cells in near-native states, to "macromolecular" (~4 nm) resolution.
=521  \\$aFor undergraduate, graduate, and professional students
=546  \\$aEnglish
=650  \0$aBiology
=856  40$uhttps://www.jove.com/video/1943
=945  \\$aThe Whole World

