=LDR  00911ngm a2200000i 4500
=001  JoVEBiology1733
=008  161201s2016\\\\xx\\\\\g\\\\\\s\\\\\eng\d
=035  \\$a(OCoLC)733445860
=040  \\$aVaAlASP$cVaAlASP
=100  1\$aHernandez-Garcia,Carlos M.
=245  12$aRobotics and Dynamic Image Analysis for Studies of Gene Expression in Plant Tissues$h[electronic resource]
=260  \\$aCambridge, MA$bMyJoVE Corp$c2016
=300  \\$aonline resource (686 seconds)
=490  0\$aBiology
=500  \\$aTitle from resource description page
=520  \\$aWe report a method for introduction, tracking and quantitative analysis of GFP expression in plant cells. This method utilizes a custom-designed robotics system for semi-continuous image collection from large numbers of samples, over time. We also demonstrate the use of ImageJ and ImageReady for analysis of image series.
=521  \\$aFor undergraduate, graduate, and professional students
=546  \\$aEnglish
=650  \0$aBiology
=856  40$uhttps://www.jove.com/video/1733
=945  \\$aThe Whole World

