=LDR  00903ngm a2200000i 4500
=001  JoVEBiology1974
=008  161201s2016\\\\xx\\\\\g\\\\\\s\\\\\eng\d
=035  \\$a(OCoLC)733445860
=040  \\$aVaAlASP$cVaAlASP
=100  1\$aBhandary,Binny
=245  12$aAnalysis of Gene Expression in Emerald Ash Borer (Agrilus planipennis) Using Quantitative Real Time-PCR$h[electronic resource]
=260  \\$aCambridge, MA$bMyJoVE Corp$c2016
=300  \\$aonline resource (682 seconds)
=490  0\$aBiology
=500  \\$aTitle from resource description page
=520  \\$aQuantitative real-time PCR (qRT-PCR) is an effective tool to diagnose mRNA levels in different insect tissues and developmental stages. In this report we show the use of qRT-PCR to ascertain mRNA levels in different larval tissues and developmental stages of the invasive insect species, emerald ash borer.
=521  \\$aFor undergraduate, graduate, and professional students
=546  \\$aEnglish
=650  \0$aBiology
=856  40$uhttps://www.jove.com/video/1974
=945  \\$aThe Whole World

