=LDR  00883ngm a2200000i 4500
=001  JoVEBiology1741
=008  161201s2016\\\\xx\\\\\g\\\\\\s\\\\\eng\d
=035  \\$a(OCoLC)733445860
=040  \\$aVaAlASP$cVaAlASP
=100  1\$aMarkov,Dmitry A.
=245  12$aWindow on a Microworld: Simple Microfluidic Systems for Studying Microbial Transport in Porous Media$h[electronic resource]
=260  \\$aCambridge, MA$bMyJoVE Corp$c2016
=300  \\$aonline resource (865 seconds)
=490  0\$aBiology
=500  \\$aTitle from resource description page
=520  \\$aMicrofluidic devices can be used to visualize complex natural processes in real time and at the appropriate physical scales.  We have developed a simple microfluidic device that mimics key features of natural porous media for studying growth and transport of bacteria in the subsurface. 
=521  \\$aFor undergraduate, graduate, and professional students
=546  \\$aEnglish
=650  \0$aBiology
=856  40$uhttps://www.jove.com/video/1741
=945  \\$aThe Whole World

