=LDR  00851ngm a2200000i 4500
=001  JoVEBiology1792
=008  161201s2016\\\\xx\\\\\g\\\\\\s\\\\\eng\d
=035  \\$a(OCoLC)733445860
=040  \\$aVaAlASP$cVaAlASP
=100  1\$aAvraham,Oshri
=245  12$aDeciphering Axonal Pathways of Genetically Defined Groups of Neurons in the Chick Neural Tube Utilizing in ovo Electroporation$h[electronic resource]
=260  \\$aCambridge, MA$bMyJoVE Corp$c2016
=300  \\$aonline resource (475 seconds)
=490  0\$aBiology
=500  \\$aTitle from resource description page
=520  \\$aThis video demonstrates how to visualize axonal pathways of genetically defined groups of neurons in the embryonic chick spinal cord utilizing in ovo electroporation of reporter genes under the control of specific enhancer elements.
=521  \\$aFor undergraduate, graduate, and professional students
=546  \\$aEnglish
=650  \0$aBiology
=856  40$uhttps://www.jove.com/video/1792
=945  \\$aThe Whole World

