=LDR  00974ngm a2200000i 4500
=001  JoVEBiology1895
=008  161201s2016\\\\xx\\\\\g\\\\\\s\\\\\eng\d
=035  \\$a(OCoLC)733445860
=040  \\$aVaAlASP$cVaAlASP
=100  1\$aVicidomini,Rosario
=245  12$aLaser Microdissection Applied to Gene Expression Profiling of Subset of Cells from the Drosophila Wing Disc$h[electronic resource]
=260  \\$aCambridge, MA$bMyJoVE Corp$c2016
=300  \\$aonline resource (959 seconds)
=490  0\$aBiology
=500  \\$aTitle from resource description page
=520  \\$aLaser microdissection was applied to analyse gene expression profiling in specific compartments of Drosophila wing disc subjected to localised RNAi in vivo. RNA extracted from equivalent areas of silenced and unsilenced compartments was analysed by quantitative RT-PCR to determine comparative gene expression profiling within the context of native tissue microecology.
=521  \\$aFor undergraduate, graduate, and professional students
=546  \\$aEnglish
=650  \0$aBiology
=856  40$uhttps://www.jove.com/video/1895
=945  \\$aThe Whole World

