=LDR  00892ngm a2200000i 4500
=001  JoVEBiology1919
=008  161201s2016\\\\xx\\\\\g\\\\\\s\\\\\eng\d
=035  \\$a(OCoLC)733445860
=040  \\$aVaAlASP$cVaAlASP
=100  1\$aPomerantz,Richard T.
=245  12$aDirect Restart of a Replication Fork Stalled by a Head-On RNA Polymerase$h[electronic resource]
=260  \\$aCambridge, MA$bMyJoVE Corp$c2016
=300  \\$aonline resource (447 seconds)
=490  0\$aBiology
=500  \\$aTitle from resource description page
=520  \\$aThe fate of the replisome following a collision with a head-on RNA polymerase (RNAP) is unknown. We find that the replisome stalls upon collision with a head-on RNAP, but resumes elongation after displacing the RNAP from DNA. Mfd promotes replication restart by facilitating displacement of the RNAP after the collision.
=521  \\$aFor undergraduate, graduate, and professional students
=546  \\$aEnglish
=650  \0$aBiology
=856  40$uhttps://www.jove.com/video/1919
=945  \\$aThe Whole World

