=LDR  00714ngm a2200000i 4500
=001  JoVEBiology1871
=008  161201s2016\\\\xx\\\\\g\\\\\\s\\\\\eng\d
=035  \\$a(OCoLC)733445860
=040  \\$aVaAlASP$cVaAlASP
=100  1\$aFormosa,Rachel
=245  12$aDNA-based Fish Species Identification Protocol$h[electronic resource]
=260  \\$aCambridge, MA$bMyJoVE Corp$c2016
=300  \\$aonline resource (555 seconds)
=490  0\$aBiology
=500  \\$aTitle from resource description page
=520  \\$aThis publication describes how to use the Agilent Fish Species Identification System to identify the species of a fish by extracting DNA and performing PCR and RFLP analysis.
=521  \\$aFor undergraduate, graduate, and professional students
=546  \\$aEnglish
=650  \0$aBiology
=856  40$uhttps://www.jove.com/video/1871
=945  \\$aThe Whole World

