=LDR  00869ngm a2200000i 4500
=001  JoVEBiology1899
=008  161201s2016\\\\xx\\\\\g\\\\\\s\\\\\eng\d
=035  \\$a(OCoLC)733445860
=040  \\$aVaAlASP$cVaAlASP
=100  1\$aAvezov,Edward
=245  12$aPulse-chase Analysis of N-linked Sugar Chains from Glycoproteins in Mammalian Cells$h[electronic resource]
=260  \\$aCambridge, MA$bMyJoVE Corp$c2016
=300  \\$aonline resource (617 seconds)
=490  0\$aBiology
=500  \\$aTitle from resource description page
=520  \\$aWe describe a method for analysis of the alteration of N-linked glycans through the early life of glycoproteins after their biosynthesis in mammalian cells. This is achieved by pulse-chase analysis of metabolically labeled glycans, enzymatic release from glycoproteins and examination by HPLC.
=521  \\$aFor undergraduate, graduate, and professional students
=546  \\$aEnglish
=650  \0$aBiology
=856  40$uhttps://www.jove.com/video/1899
=945  \\$aThe Whole World

