=LDR  00721ngm a2200000i 4500
=001  JoVEBiology2012
=008  161201s2016\\\\xx\\\\\g\\\\\\s\\\\\eng\d
=035  \\$a(OCoLC)733445860
=040  \\$aVaAlASP$cVaAlASP
=100  1\$aWang,Siyuan
=245  12$aMeasuring the Bending Stiffness of Bacterial Cells Using an Optical Trap$h[electronic resource]
=260  \\$aCambridge, MA$bMyJoVE Corp$c2016
=300  \\$aonline resource (345 seconds)
=490  0\$aBiology
=500  \\$aTitle from resource description page
=520  \\$aWe present a protocol for bending filamentous bacterial cells attached to a cover-slip surface with an optical trap to measure the cellular bending stiffness.
=521  \\$aFor undergraduate, graduate, and professional students
=546  \\$aEnglish
=650  \0$aBiology
=856  40$uhttps://www.jove.com/video/2012
=945  \\$aThe Whole World

