=LDR  00822ngm a2200000i 4500
=001  JoVEBiology1729
=008  161201s2016\\\\xx\\\\\g\\\\\\s\\\\\eng\d
=035  \\$a(OCoLC)733445860
=040  \\$aVaAlASP$cVaAlASP
=100  1\$adeAlmeida,Angela C.
=245  12$aTransverse Aortic Constriction in Mice$h[electronic resource]
=260  \\$aCambridge, MA$bMyJoVE Corp$c2016
=300  \\$aonline resource (505 seconds)
=490  0\$aBiology
=500  \\$aTitle from resource description page
=520  \\$aTransverse aortic constriction (TAC) in the mouse is a commonly used experimental model to study mechanisms underlying cardiac hypertrophy and heart failure development. Here, we describe procedures to constrict the aorta to create a reproducible degree of cardiac hypertrophy in mice.
=521  \\$aFor undergraduate, graduate, and professional students
=546  \\$aEnglish
=650  \0$aBiology
=856  40$uhttps://www.jove.com/video/1729
=945  \\$aThe Whole World

