=LDR  00913ngm a2200000i 4500
=001  JoVEBiology1749
=008  161201s2016\\\\xx\\\\\g\\\\\\s\\\\\eng\d
=035  \\$a(OCoLC)733445860
=040  \\$aVaAlASP$cVaAlASP
=100  1\$aKim,Jeongyun
=245  12$aMicrofluidic Co-culture of Epithelial Cells and Bacteria for Investigating Soluble Signal-mediated Interactions$h[electronic resource]
=260  \\$aCambridge, MA$bMyJoVE Corp$c2016
=300  \\$aonline resource (745 seconds)
=490  0\$aBiology
=500  \\$aTitle from resource description page
=520  \\$aThis protocol describes a microfluidic co-culture model for simultaneous and localized culture of epithelial cells and bacteria. This model can be used for investigating the role of different soluble molecular signals on pathogenesis as well as screen the effectiveness of putative probiotic bacterial strains.
=521  \\$aFor undergraduate, graduate, and professional students
=546  \\$aEnglish
=650  \0$aBiology
=856  40$uhttps://www.jove.com/video/1749
=945  \\$aThe Whole World

