=LDR  00744ngm a2200000i 4500
=001  JoVEBiology1779
=008  161201s2016\\\\xx\\\\\g\\\\\\s\\\\\eng\d
=035  \\$a(OCoLC)733445860
=040  \\$aVaAlASP$cVaAlASP
=100  1\$aEnglert,Derek L.
=245  12$aA Microfluidic Device for Quantifying Bacterial Chemotaxis in Stable Concentration Gradients$h[electronic resource]
=260  \\$aCambridge, MA$bMyJoVE Corp$c2016
=300  \\$aonline resource (568 seconds)
=490  0\$aBiology
=500  \\$aTitle from resource description page
=520  \\$aThis protocol describes the development of a microfluidic device for investigating bacterial chemotaxis in stable concentration gradients of chemoeffectors.
=521  \\$aFor undergraduate, graduate, and professional students
=546  \\$aEnglish
=650  \0$aBiology
=856  40$uhttps://www.jove.com/video/1779
=945  \\$aThe Whole World

