=LDR  00972ngm a2200000i 4500
=001  JoVEBiology1904
=008  161201s2016\\\\xx\\\\\g\\\\\\s\\\\\eng\d
=035  \\$a(OCoLC)733445860
=040  \\$aVaAlASP$cVaAlASP
=100  1\$aMcCoy,Adam M.
=245  12$aUsing an Automated Cell Counter to Simplify Gene Expression Studies: siRNA Knockdown of IL-4 Dependent Gene Expression in Namalwa Cells$h[electronic resource]
=260  \\$aCambridge, MA$bMyJoVE Corp$c2016
=300  \\$aonline resource (634 seconds)
=490  0\$aBiology
=500  \\$aTitle from resource description page
=520  \\$aThis procedure describes a quick and easy workflow to introduce siRNA into difficult to transfect cell lines and follow gene expression by real-time PCR.  Use of an automated cell counter, multi-well electroporation plate, and automated electrophoresis station provide quick and reliable results without the need for expensive robotic handling.
=521  \\$aFor undergraduate, graduate, and professional students
=546  \\$aEnglish
=650  \0$aBiology
=856  40$uhttps://www.jove.com/video/1904
=945  \\$aThe Whole World

