=LDR  00925ngm a2200000i 4500
=001  JoVEBiology1720
=008  161201s2016\\\\xx\\\\\g\\\\\\s\\\\\eng\d
=035  \\$a(OCoLC)733445860
=040  \\$aVaAlASP$cVaAlASP
=100  1\$aPolikepahad,Sumanth
=245  12$aA Reversible, Non-invasive Method for Airway Resistance Measurements and Bronchoalveolar Lavage Fluid Sampling in Mice$h[electronic resource]
=260  \\$aCambridge, MA$bMyJoVE Corp$c2016
=300  \\$aonline resource (598 seconds)
=490  0\$aBiology
=500  \\$aTitle from resource description page
=520  \\$aRepeated measurements of rodent respiratory physiology and sampling of airway inflammatory cells are desirable, but generally not feasible.  Here we describe a repeatable method for orally intubating mice that permits repeated measurements of airway hyperreactivity and sampling of airway inflammatory cells.
=521  \\$aFor undergraduate, graduate, and professional students
=546  \\$aEnglish
=650  \0$aBiology
=856  40$uhttps://www.jove.com/video/1720
=945  \\$aThe Whole World

