=LDR  00840ngm a2200000i 4500
=001  JoVEBiology1944
=008  161201s2016\\\\xx\\\\\g\\\\\\s\\\\\eng\d
=035  \\$a(OCoLC)733445860
=040  \\$aVaAlASP$cVaAlASP
=100  1\$aPascual,Enrique Y.
=245  12$aImmunocytochemical Analysis of Human Pluripotent Stem Cells using a Self-Made Cytospin Apparatus$h[electronic resource]
=260  \\$aCambridge, MA$bMyJoVE Corp$c2016
=300  \\$aonline resource (556 seconds)
=490  0\$aBiology
=500  \\$aTitle from resource description page
=520  \\$aSuspension immunocytochemical staining of human pluripotent stem cells (hPSCs) for cell-surface markers (SSEA-3/SSEA-4) was achieved based on use of a self-made cytospin apparatus to create a monolayer of cells for observation and quantification.
=521  \\$aFor undergraduate, graduate, and professional students
=546  \\$aEnglish
=650  \0$aBiology
=856  40$uhttps://www.jove.com/video/1944
=945  \\$aThe Whole World

