=LDR  00898ngm a2200000i 4500
=001  JoVEBiology1190
=008  161201s2016\\\\xx\\\\\g\\\\\\s\\\\\eng\d
=035  \\$a(OCoLC)733445860
=040  \\$aVaAlASP$cVaAlASP
=100  1\$aHui,Kathleen K. S.
=245  12$aMonitoring Acupuncture Effects on Human Brain by fMRI$h[electronic resource]
=260  \\$aCambridge, MA$bMyJoVE Corp$c2016
=300  \\$aonline resource (595 seconds)
=490  0\$aBiology
=500  \\$aTitle from resource description page
=520  \\$aFMRI and physiological monitoring is used to study the effects of Acupuncture on the central and peripheral nervous systems. Acupuncture mobilizes a limbic-paralimbic-neocortical network, with great overlap with the default mode network, to modulate neurological activity, possibly related to its autonomic effect in the peripheral nervous system.
=521  \\$aFor undergraduate, graduate, and professional students
=546  \\$aEnglish
=650  \0$aBiology
=856  40$uhttps://www.jove.com/video/1190
=945  \\$aThe Whole World

