=LDR  00825ngm a2200000i 4500
=001  JoVEBiology1957
=008  161201s2016\\\\xx\\\\\g\\\\\\s\\\\\eng\d
=035  \\$a(OCoLC)733445860
=040  \\$aVaAlASP$cVaAlASP
=100  1\$aMah,Li-Jeen
=245  12$aQuantification of γH2AX Foci in Response to Ionising Radiation$h[electronic resource]
=260  \\$aCambridge, MA$bMyJoVE Corp$c2016
=300  \\$aonline resource (413 seconds)
=490  0\$aBiology
=500  \\$aTitle from resource description page
=520  \\$aQuantification of DNA double-strand streaks using γH2AX formation as a molecular marker has become an invaluable tool in radiation biology. Here we demonstrate the use of an immunofluorescence assay for quantification of γH2AX foci after exposure of cells to radiation.
=521  \\$aFor undergraduate, graduate, and professional students
=546  \\$aEnglish
=650  \0$aBiology
=856  40$uhttps://www.jove.com/video/1957
=945  \\$aThe Whole World

