=LDR  00908ngm a2200000i 4500
=001  JoVEBiology1793
=008  161201s2016\\\\xx\\\\\g\\\\\\s\\\\\eng\d
=035  \\$a(OCoLC)733445860
=040  \\$aVaAlASP$cVaAlASP
=100  1\$aNedopil,Alexander J.
=245  12$aImplantation of Ferumoxides Labeled Human Mesenchymal Stem Cells in Cartilage Defects$h[electronic resource]
=260  \\$aCambridge, MA$bMyJoVE Corp$c2016
=300  \\$aonline resource (279 seconds)
=490  0\$aBiology
=500  \\$aTitle from resource description page
=520  \\$aGoal of the presentation is to demonstrate a highly reproducible method to generate matrix associated stem cell implants in cartilage defects, which can be visualized with MR imaging. Stem cells are labeled with FDA-approved Ferumoxides, mixed with agarose, implanted into cartilage defects and imaged with a 7T MR scanner.
=521  \\$aFor undergraduate, graduate, and professional students
=546  \\$aEnglish
=650  \0$aBiology
=856  40$uhttps://www.jove.com/video/1793
=945  \\$aThe Whole World

