=LDR  00938ngm a2200000i 4500
=001  JoVEBiology1874
=008  161201s2016\\\\xx\\\\\g\\\\\\s\\\\\eng\d
=035  \\$a(OCoLC)733445860
=040  \\$aVaAlASP$cVaAlASP
=100  1\$aBiro,F. Noah
=245  12$aApplication of Stopped-flow Kinetics Methods to Investigate the Mechanism of Action of a DNA Repair Protein$h[electronic resource]
=260  \\$aCambridge, MA$bMyJoVE Corp$c2016
=300  \\$aonline resource (660 seconds)
=490  0\$aBiology
=500  \\$aTitle from resource description page
=520  \\$aMsh2-Msh6 is responsible for initiating repair of replication errors in DNA. Here we present a transient kinetics approach towards understanding how this critical protein works. The report illustrates stopped-flow experiments for measuring the coupled DNA binding and ATPase kinetics underlying Msh2-Msh6 mechanism of action in DNA repair.
=521  \\$aFor undergraduate, graduate, and professional students
=546  \\$aEnglish
=650  \0$aBiology
=856  40$uhttps://www.jove.com/video/1874
=945  \\$aThe Whole World

