=LDR  00863ngm a2200000i 4500
=001  JoVEBiology1865
=008  161201s2016\\\\xx\\\\\g\\\\\\s\\\\\eng\d
=035  \\$a(OCoLC)733445860
=040  \\$aVaAlASP$cVaAlASP
=100  1\$aSalomon,Dor
=245  12$aIdentification of Growth Inhibition Phenotypes Induced by Expression of Bacterial Type III Effectors in Yeast$h[electronic resource]
=260  \\$aCambridge, MA$bMyJoVE Corp$c2016
=300  \\$aonline resource (574 seconds)
=490  0\$aBiology
=500  \\$aTitle from resource description page
=520  \\$aIn this video, we describe a procedure for the expression of bacterial type III effectors in yeast and the identification of effector-induced growth inhibition phenotypes.  Such phenotypes can be subsequently exploited to elucidate effector functions and targets.
=521  \\$aFor undergraduate, graduate, and professional students
=546  \\$aEnglish
=650  \0$aBiology
=856  40$uhttps://www.jove.com/video/1865
=945  \\$aThe Whole World

