=LDR  00887ngm a2200000i 4500
=001  JoVEBiology1789
=008  161201s2016\\\\xx\\\\\g\\\\\\s\\\\\eng\d
=035  \\$a(OCoLC)733445860
=040  \\$aVaAlASP$cVaAlASP
=100  1\$aYaghi,Asma
=245  12$aPrimary Human Bronchial Epithelial Cells Grown from Explants$h[electronic resource]
=260  \\$aCambridge, MA$bMyJoVE Corp$c2016
=300  \\$aonline resource (872 seconds)
=490  0\$aBiology
=500  \\$aTitle from resource description page
=520  \\$aHere we describe a detailed method for growing primary human bronchial epithelial cells from explants of human bronchial airway tissue including differentiated growth on an air-liquid interface. This method provides an abundant source of primary cells for investigating the role of the airway epithelium in human lung health and disease.
=521  \\$aFor undergraduate, graduate, and professional students
=546  \\$aEnglish
=650  \0$aBiology
=856  40$uhttps://www.jove.com/video/1789
=945  \\$aThe Whole World

