=LDR  00789ngm a2200000i 4500
=001  JoVEBiology1844
=008  161201s2016\\\\xx\\\\\g\\\\\\s\\\\\eng\d
=035  \\$a(OCoLC)733445860
=040  \\$aVaAlASP$cVaAlASP
=100  1\$aZeytuni,Natalie
=245  12$aPurification of the M. magneticum Strain AMB-1 Magnetosome Associated Protein MamAΔ41$h[electronic resource]
=260  \\$aCambridge, MA$bMyJoVE Corp$c2016
=300  \\$aonline resource (667 seconds)
=490  0\$aBiology
=500  \\$aTitle from resource description page
=520  \\$aMamA is a unique Magnetosome associated protein which was shown to be involved in magnetosome activation. Here we present the purification protocol of MamA deletion mutant (MamAΔ41) from M. magneticum AMB-1.
=521  \\$aFor undergraduate, graduate, and professional students
=546  \\$aEnglish
=650  \0$aBiology
=856  40$uhttps://www.jove.com/video/1844
=945  \\$aThe Whole World

