=LDR  00888ngm a2200000i 4500
=001  JoVEBiology1863
=008  161201s2016\\\\xx\\\\\g\\\\\\s\\\\\eng\d
=035  \\$a(OCoLC)733445860
=040  \\$aVaAlASP$cVaAlASP
=100  1\$aMukherjee,Debarati
=245  12$aAnalysis of the Development of a Morphological Phenotype as a Function of Protein Concentration in Budding Yeast$h[electronic resource]
=260  \\$aCambridge, MA$bMyJoVE Corp$c2016
=300  \\$aonline resource (902 seconds)
=490  0\$aBiology
=500  \\$aTitle from resource description page
=520  \\$aGene deletion and protein overexpression are common methods for studying functions of proteins. In this article, we describe a protocol for analysis of phenotype development as a function of protein concentration at population and single-cell levels in Saccharomyces cerevisiae.
=521  \\$aFor undergraduate, graduate, and professional students
=546  \\$aEnglish
=650  \0$aBiology
=856  40$uhttps://www.jove.com/video/1863
=945  \\$aThe Whole World

