=LDR  00738ngm a2200000i 4500
=001  JoVEBiology1689
=008  161201s2016\\\\xx\\\\\g\\\\\\s\\\\\eng\d
=035  \\$a(OCoLC)733445860
=040  \\$aVaAlASP$cVaAlASP
=100  1\$aKulczyk,Arkadiusz W.
=245  12$aDirect Observation of Enzymes Replicating DNA Using a Single-molecule DNA Stretching Assay$h[electronic resource]
=260  \\$aCambridge, MA$bMyJoVE Corp$c2016
=300  \\$aonline resource (1023 seconds)
=490  0\$aBiology
=500  \\$aTitle from resource description page
=520  \\$aWe describe a method for observing real time replication of individual DNA molecules mediated by proteins of the bacteriophage replication system. 
=521  \\$aFor undergraduate, graduate, and professional students
=546  \\$aEnglish
=650  \0$aBiology
=856  40$uhttps://www.jove.com/video/1689
=945  \\$aThe Whole World

