=LDR  00906ngm a2200000i 4500
=001  JoVEBiology1852
=008  161201s2016\\\\xx\\\\\g\\\\\\s\\\\\eng\d
=035  \\$a(OCoLC)733445860
=040  \\$aVaAlASP$cVaAlASP
=100  1\$aZhang,Linxia
=245  12$aIsolation and Enrichment of Rat Mesenchymal Stem Cells (MSCs) and Separation of Single-colony Derived MSCs$h[electronic resource]
=260  \\$aCambridge, MA$bMyJoVE Corp$c2016
=300  \\$aonline resource (498 seconds)
=490  0\$aBiology
=500  \\$aTitle from resource description page
=520  \\$aRat MSCs were isolated from femurs and tibias and then enriched by magnetic cell sorting. Sorted cells were confirmed for the expression of surface markers by flow cytometry. These cells were also cultured at clonal density to form single colonies and then these colonies were separated by cloning cylinders.
=521  \\$aFor undergraduate, graduate, and professional students
=546  \\$aEnglish
=650  \0$aBiology
=856  40$uhttps://www.jove.com/video/1852
=945  \\$aThe Whole World

