=LDR  00881ngm a2200000i 4500
=001  JoVEBiology1969
=008  161201s2016\\\\xx\\\\\g\\\\\\s\\\\\eng\d
=035  \\$a(OCoLC)733445860
=040  \\$aVaAlASP$cVaAlASP
=100  1\$aWeghuber,Julian
=245  12$aIn-vivo Detection of Protein-protein Interactions on Micro-patterned Surfaces$h[electronic resource]
=260  \\$aCambridge, MA$bMyJoVE Corp$c2016
=300  \\$aonline resource (462 seconds)
=490  0\$aBiology
=500  \\$aTitle from resource description page
=520  \\$aThis video shows experiments with subsequent analysis of protein-protein interactions by the use of micro-patterned surfaces. The approach offers the possibility to detect protein interactions in living cells and combines high throughput capabilities with the possibility to extract quantitative information. 
=521  \\$aFor undergraduate, graduate, and professional students
=546  \\$aEnglish
=650  \0$aBiology
=856  40$uhttps://www.jove.com/video/1969
=945  \\$aThe Whole World

