=LDR  00924ngm a2200000i 4500
=001  JoVEBiology1639
=008  161201s2016\\\\xx\\\\\g\\\\\\s\\\\\eng\d
=035  \\$a(OCoLC)733445860
=040  \\$aVaAlASP$cVaAlASP
=100  1\$aAggarwal,Monika
=245  12$aGenetic Studies of Human DNA Repair Proteins Using Yeast as a Model System $h[electronic resource]
=260  \\$aCambridge, MA$bMyJoVE Corp$c2016
=300  \\$aonline resource (849 seconds)
=490  0\$aBiology
=500  \\$aTitle from resource description page
=520  \\$aGenetic studies in yeast can be employed to investigate the molecular and cellular functions of human genes in cellular DNA metabolism. Methods are described for the genetic characterization of the human WRN gene product defective in the premature aging disorder Werner syndrome in functionally conserved pathways using yeast as a tractable model system.
=521  \\$aFor undergraduate, graduate, and professional students
=546  \\$aEnglish
=650  \0$aBiology
=856  40$uhttps://www.jove.com/video/1639
=945  \\$aThe Whole World

