=LDR  01167ngm a2200000i 4500
=001  JoVEBiology1746
=008  161201s2016\\\\xx\\\\\g\\\\\\s\\\\\eng\d
=035  \\$a(OCoLC)733445860
=040  \\$aVaAlASP$cVaAlASP
=100  1\$aPol,Ewa
=245  12$aThe Importance of Correct Protein Concentration for Kinetics and Affinity Determination in Structure-function Analysis $h[electronic resource]
=260  \\$aCambridge, MA$bMyJoVE Corp$c2016
=300  \\$aonline resource (1156 seconds)
=490  0\$aBiology
=500  \\$aTitle from resource description page
=520  \\$aWe apply label-free protein interaction analysis using Biacore X100 for structure-function analysis of the binding of several cystatin B mutants to papain through kinetic characterization. Calibration-free concentration analysis (CFCA) measures the concentration of protein with retained binding activity without the need for a standard curve. We show that confirmation of concentrations using CFCA increases the reliability of the kinetic analysis and that kinetic constants can reliably be determined even if the activity of a recombinant protein is reduced.
=521  \\$aFor undergraduate, graduate, and professional students
=546  \\$aEnglish
=650  \0$aBiology
=856  40$uhttps://www.jove.com/video/1746
=945  \\$aThe Whole World

