=LDR  00986ngm a2200000i 4500
=001  JoVEBiology1856
=008  161201s2016\\\\xx\\\\\g\\\\\\s\\\\\eng\d
=035  \\$a(OCoLC)733445860
=040  \\$aVaAlASP$cVaAlASP
=100  1\$aRodríguez,Gustavo R.
=245  12$aTomato Analyzer: A Useful Software Application to Collect Accurate and Detailed Morphological and Colorimetric Data from Two-dimensional Objects$h[electronic resource]
=260  \\$aCambridge, MA$bMyJoVE Corp$c2016
=300  \\$aonline resource (925 seconds)
=490  0\$aBiology
=500  \\$aTitle from resource description page
=520  \\$aTomato Analyzer (TA) quantifies attributes of two dimensional shapes and color in a reproducible and accurate manner. A step-by-step procedure for obtaining high quality digitalized images of tomato fruit, morphological and color analyses of these images and several applications using the data generated through this software are described.
=521  \\$aFor undergraduate, graduate, and professional students
=546  \\$aEnglish
=650  \0$aBiology
=856  40$uhttps://www.jove.com/video/1856
=945  \\$aThe Whole World

