=LDR  00906ngm a2200000i 4500
=001  JoVEBiology1936
=008  161201s2016\\\\xx\\\\\g\\\\\\s\\\\\eng\d
=035  \\$a(OCoLC)733445860
=040  \\$aVaAlASP$cVaAlASP
=100  1\$aWilliamson,W. Ryan
=245  12$aPreparation of Developing and Adult Drosophila Brains and Retinae for Live Imaging$h[electronic resource]
=260  \\$aCambridge, MA$bMyJoVE Corp$c2016
=300  \\$aonline resource (1007 seconds)
=490  0\$aBiology
=500  \\$aTitle from resource description page
=520  \\$aThis protocol describes three Drosophila preparations: 1) adult brain dissection, 2) adult retina dissection and 3) developing eye disc- brain complexes dissection. Emphasis is laid on special preparation techniques and conditions for live imaging, although all preparations can be used for fixed tissue immunohistochemistry.
=521  \\$aFor undergraduate, graduate, and professional students
=546  \\$aEnglish
=650  \0$aBiology
=856  40$uhttps://www.jove.com/video/1936
=945  \\$aThe Whole World

