=LDR  00929ngm a2200000i 4500
=001  JoVEBiology1745
=008  161201s2016\\\\xx\\\\\g\\\\\\s\\\\\eng\d
=035  \\$a(OCoLC)733445860
=040  \\$aVaAlASP$cVaAlASP
=100  1\$aFoster,Cliff E.
=245  12$aComprehensive Compositional Analysis of Plant Cell Walls (Lignocellulosic biomass) Part I: Lignin$h[electronic resource]
=260  \\$aCambridge, MA$bMyJoVE Corp$c2016
=300  \\$aonline resource (724 seconds)
=490  0\$aBiology
=500  \\$aTitle from resource description page
=520  \\$aPlant biomass is a major carbon-neutral renewable resource that could be used for the production of biofuels. Plant biomass consists mainly of cell walls, a structurally complex composite material termed lignocellulosics. Here we describe a protocol for a comprehensive analysis of the content and composition of the polyphenolic lignin.
=521  \\$aFor undergraduate, graduate, and professional students
=546  \\$aEnglish
=650  \0$aBiology
=856  40$uhttps://www.jove.com/video/1745
=945  \\$aThe Whole World

