=LDR  00978ngm a2200000i 4500
=001  JoVEBiology1855
=008  161201s2016\\\\xx\\\\\g\\\\\\s\\\\\eng\d
=035  \\$a(OCoLC)733445860
=040  \\$aVaAlASP$cVaAlASP
=100  1\$aZlatic,Stephanie A.
=245  12$aIsolation of Labile Multi-protein Complexes by in vivo Controlled Cellular Cross-Linking and Immuno-magnetic Affinity Chromatography$h[electronic resource]
=260  \\$aCambridge, MA$bMyJoVE Corp$c2016
=300  \\$aonline resource (650 seconds)
=490  0\$aBiology
=500  \\$aTitle from resource description page
=520  \\$aThe cell permeable crosslinker DSP [dithiobis-(succinimidyl propionate)] stabilizes transient and labile interactions in vivo, which allows their isolation using stringent protein complex purification techniques. Here we present a technique for crosslinking cells grown in culture followed by isolation of protein complexes by immunoprecipitation.
=521  \\$aFor undergraduate, graduate, and professional students
=546  \\$aEnglish
=650  \0$aBiology
=856  40$uhttps://www.jove.com/video/1855
=945  \\$aThe Whole World

