=LDR  00958ngm a2200000i 4500
=001  JoVEBiology1853
=008  161201s2016\\\\xx\\\\\g\\\\\\s\\\\\eng\d
=035  \\$a(OCoLC)733445860
=040  \\$aVaAlASP$cVaAlASP
=100  1\$aHazen,Virginia M.
=245  12$aAssaying the Ability of Diffusible Signaling Molecules to Reorient Embryonic Spinal Commissural Axons$h[electronic resource]
=260  \\$aCambridge, MA$bMyJoVE Corp$c2016
=300  \\$aonline resource (568 seconds)
=490  0\$aBiology
=500  \\$aTitle from resource description page
=520  \\$aThis assay assesses the ability of a signaling molecule, here Bone Morphogenetic Protein 7 (BMP7), to reorient commissural axons.  An explant of embryonic dorsal spinal cord is cultured adjacent to an aggregate of COS cells secreting the candidate growth factors.  Reoriented commissural axons growing within the explant are visualized by immunohistochemistry.
=521  \\$aFor undergraduate, graduate, and professional students
=546  \\$aEnglish
=650  \0$aBiology
=856  40$uhttps://www.jove.com/video/1853
=945  \\$aThe Whole World

