=LDR  00764ngm a2200000i 4500
=001  JoVEBiology1731
=008  161201s2016\\\\xx\\\\\g\\\\\\s\\\\\eng\d
=035  \\$a(OCoLC)733445860
=040  \\$aVaAlASP$cVaAlASP
=100  1\$aSinks,Louise E.
=245  12$aSynthesis and Calibration of Phosphorescent Nanoprobes for Oxygen Imaging in Biological Systems$h[electronic resource]
=260  \\$aCambridge, MA$bMyJoVE Corp$c2016
=300  \\$aonline resource (638 seconds)
=490  0\$aBiology
=500  \\$aTitle from resource description page
=520  \\$aWe present principles of oxygen measurements by phosphorescence quenching and review design of porphyrin-based dendritic nanosensors for oxygen imaging in biological systems.
=521  \\$aFor undergraduate, graduate, and professional students
=546  \\$aEnglish
=650  \0$aBiology
=856  40$uhttps://www.jove.com/video/1731
=945  \\$aThe Whole World

