=LDR  00935ngm a2200000i 4500
=001  JoVEBiology1636
=008  161201s2016\\\\xx\\\\\g\\\\\\s\\\\\eng\d
=035  \\$a(OCoLC)733445860
=040  \\$aVaAlASP$cVaAlASP
=100  1\$aSullivan,Kelley D.
=245  12$aMeasuring Diffusion Coefficients via Two-photon Fluorescence Recovery After Photobleaching$h[electronic resource]
=260  \\$aCambridge, MA$bMyJoVE Corp$c2016
=300  \\$aonline resource (420 seconds)
=490  0\$aBiology
=500  \\$aTitle from resource description page
=520  \\$aIn this article we will describe the procedure for measuring diffusion coefficients using multi-photon fluorescence recovery after photobleaching.  We will begin by aligning the laser along the optical path to the sample and determining the proper experimental parameters, then continue generating and finally fitting fluorescence recovery curves.
=521  \\$aFor undergraduate, graduate, and professional students
=546  \\$aEnglish
=650  \0$aBiology
=856  40$uhttps://www.jove.com/video/1636
=945  \\$aThe Whole World

