=LDR  00934ngm a2200000i 4500
=001  JoVEBiology1862
=008  161201s2016\\\\xx\\\\\g\\\\\\s\\\\\eng\d
=035  \\$a(OCoLC)733445860
=040  \\$aVaAlASP$cVaAlASP
=100  1\$aWeidner,Maria
=245  12$aExpression of Recombinant Proteins in the Methylotrophic Yeast Pichia pastoris$h[electronic resource]
=260  \\$aCambridge, MA$bMyJoVE Corp$c2016
=300  \\$aonline resource (586 seconds)
=490  0\$aBiology
=500  \\$aTitle from resource description page
=520  \\$aThe protocol describes protein expression using the methylotrophic yeast Pichia pastoris. The preparation of electrocompetent yeast cells, transformation of the vector with the gene of interest into P. pastoris and yeast DNA purification are also performed. Western blot analysis and protein purification build the last steps in this protein expression protocol. 
=521  \\$aFor undergraduate, graduate, and professional students
=546  \\$aEnglish
=650  \0$aBiology
=856  40$uhttps://www.jove.com/video/1862
=945  \\$aThe Whole World

