=LDR  00929ngm a2200000i 4500
=001  JoVEBiology1751
=008  161201s2016\\\\xx\\\\\g\\\\\\s\\\\\eng\d
=035  \\$a(OCoLC)733445860
=040  \\$aVaAlASP$cVaAlASP
=100  1\$aLorenz,W. Walter
=245  12$aAn Improved Method of RNA Isolation from Loblolly Pine (P. taeda L.) and Other Conifer Species$h[electronic resource]
=260  \\$aCambridge, MA$bMyJoVE Corp$c2016
=300  \\$aonline resource (505 seconds)
=490  0\$aBiology
=500  \\$aTitle from resource description page
=520  \\$aMany plant tissues, including phloem and xylem from loblolly pine (Pinus taeda L.), contain high levels of phenolics and polysaccharides that interfere with RNA purification. This presentation discusses techniques for the harvest of field-grown tissues and isolation of RNA of sufficient quality for microarrays and other genomic analyses.
=521  \\$aFor undergraduate, graduate, and professional students
=546  \\$aEnglish
=650  \0$aBiology
=856  40$uhttps://www.jove.com/video/1751
=945  \\$aThe Whole World

