=LDR  00906ngm a2200000i 4500
=001  JoVEBiology1693
=008  161201s2016\\\\xx\\\\\g\\\\\\s\\\\\eng\d
=035  \\$a(OCoLC)733445860
=040  \\$aVaAlASP$cVaAlASP
=100  1\$aTesan,Graciela
=245  12$aMeasurement Of Neuromagnetic Brain Function In Pre-school Children With Custom Sized MEG$h[electronic resource]
=260  \\$aCambridge, MA$bMyJoVE Corp$c2016
=300  \\$aonline resource (855 seconds)
=490  0\$aBiology
=500  \\$aTitle from resource description page
=520  \\$aThe advent of MEG systems sized for young children opens important new opportunities to study brain development. The new system, together with a protocol that aligns experimental requirements with the capacities of children, can be used to study cognitive and language processes in healthy, awake children aged three to six.
=521  \\$aFor undergraduate, graduate, and professional students
=546  \\$aEnglish
=650  \0$aBiology
=856  40$uhttps://www.jove.com/video/1693
=945  \\$aThe Whole World

