=LDR  00939ngm a2200000i 4500
=001  JoVEBiology1673
=008  161201s2016\\\\xx\\\\\g\\\\\\s\\\\\eng\d
=035  \\$a(OCoLC)733445860
=040  \\$aVaAlASP$cVaAlASP
=100  1\$aBargmann,Bastiaan O. R.
=245  12$aFluorescence Activated Cell Sorting of Plant Protoplasts$h[electronic resource]
=260  \\$aCambridge, MA$bMyJoVE Corp$c2016
=300  \\$aonline resource (815 seconds)
=490  0\$aBiology
=500  \\$aTitle from resource description page
=520  \\$aA method for isolating specific cell types from plant material is demonstrated. This technique employs transgenic marker lines expressing fluorescent proteins in particular cell types, cellular dissociation and Fluorescence Activated Cell Sorting. Additionally, a growth setup is established here that facilitates treatment of Arabidopsis thaliana seedlings prior to cell sorting.
=521  \\$aFor undergraduate, graduate, and professional students
=546  \\$aEnglish
=650  \0$aBiology
=856  40$uhttps://www.jove.com/video/1673
=945  \\$aThe Whole World

