=LDR  00941ngm a2200000i 4500
=001  JoVEBiology1690
=008  161201s2016\\\\xx\\\\\g\\\\\\s\\\\\eng\d
=035  \\$a(OCoLC)733445860
=040  \\$aVaAlASP$cVaAlASP
=100  1\$aPasquali,Matias
=245  12$aToxin Induction and Protein Extraction from Fusarium spp. Cultures for Proteomic Studies$h[electronic resource]
=260  \\$aCambridge, MA$bMyJoVE Corp$c2016
=300  \\$aonline resource (499 seconds)
=490  0\$aBiology
=500  \\$aTitle from resource description page
=520  \\$aProtein extraction for proteomic analyses in fungal species requires high levels of standardization to be accomplished according with the minimum information about a proteomic experiment (MIAPE) guidelines. We present a video-protocol that includes a procedure for minimizing experimental bias during toxin induction and protein extraction from Fusarium spp.
=521  \\$aFor undergraduate, graduate, and professional students
=546  \\$aEnglish
=650  \0$aBiology
=856  40$uhttps://www.jove.com/video/1690
=945  \\$aThe Whole World

