=LDR  00755ngm a2200000i 4500
=001  JoVEBiology1696
=008  161201s2016\\\\xx\\\\\g\\\\\\s\\\\\eng\d
=035  \\$a(OCoLC)733445860
=040  \\$aVaAlASP$cVaAlASP
=100  1\$aEvans,Iwan R.
=245  12$aLive Imaging Of Drosophila melanogaster Embryonic Hemocyte Migrations$h[electronic resource]
=260  \\$aCambridge, MA$bMyJoVE Corp$c2016
=300  \\$aonline resource (515 seconds)
=490  0\$aBiology
=500  \\$aTitle from resource description page
=520  \\$aDrosophila hemocytes disperse over the entirety of the developing embryo. This protocol demonstrates how to mount and image these migrations using embryos with fluorescently labelled hemocytes.
=521  \\$aFor undergraduate, graduate, and professional students
=546  \\$aEnglish
=650  \0$aBiology
=856  40$uhttps://www.jove.com/video/1696
=945  \\$aThe Whole World

