=LDR  00896ngm a2200000i 4500
=001  JoVEBiology1714
=008  161201s2016\\\\xx\\\\\g\\\\\\s\\\\\eng\d
=035  \\$a(OCoLC)733445860
=040  \\$aVaAlASP$cVaAlASP
=100  1\$aCollins,Andrew J.
=245  12$aObtaining Hemocytes from the Hawaiian Bobtail Squid Euprymna scolopes and Observing their Adherence to Symbiotic and Non-Symbiotic Bacteria$h[electronic resource]
=260  \\$aCambridge, MA$bMyJoVE Corp$c2016
=300  \\$aonline resource (329 seconds)
=490  0\$aBiology
=500  \\$aTitle from resource description page
=520  \\$aThis video will demonstrate how to obtain hemocytes (blood cells) from the Hawaiian bobtail squid, Euprymna scolopes for use in cell biological and bacterial adhesion assays. Hemocytes will be stained with a fluorescent dye and exposed to GFP-labeled bacteria.
=521  \\$aFor undergraduate, graduate, and professional students
=546  \\$aEnglish
=650  \0$aBiology
=856  40$uhttps://www.jove.com/video/1714
=945  \\$aThe Whole World

