=LDR  00715ngm a2200000i 4500
=001  JoVEBiology1748
=008  161201s2016\\\\xx\\\\\g\\\\\\s\\\\\eng\d
=035  \\$a(OCoLC)733445860
=040  \\$aVaAlASP$cVaAlASP
=100  1\$aCai,Weili
=245  12$aPreparation of Drosophila Polytene Chromosome Squashes for Antibody Labeling$h[electronic resource]
=260  \\$aCambridge, MA$bMyJoVE Corp$c2016
=300  \\$aonline resource (397 seconds)
=490  0\$aBiology
=500  \\$aTitle from resource description page
=520  \\$aThis video protocol illustrates the squash technique used in the Johansen laboratory to prepare Drosophila polytene chromosomes for antibody labeling.
=521  \\$aFor undergraduate, graduate, and professional students
=546  \\$aEnglish
=650  \0$aBiology
=856  40$uhttps://www.jove.com/video/1748
=945  \\$aThe Whole World

