=LDR  00697ngm a2200000i 4500
=001  JoVEBiology1736
=008  161201s2016\\\\xx\\\\\g\\\\\\s\\\\\eng\d
=035  \\$a(OCoLC)733445860
=040  \\$aVaAlASP$cVaAlASP
=100  1\$aKlocko,Andrew D.
=245  12$aImaging Mismatch Repair and Cellular Responses to DNA Damage in Bacillus subtilis$h[electronic resource]
=260  \\$aCambridge, MA$bMyJoVE Corp$c2016
=300  \\$aonline resource (628 seconds)
=490  0\$aBiology
=500  \\$aTitle from resource description page
=520  \\$aA detailed protocol is described for imaging the real time formation of DNA repair complexes in Bacillus subtilis cells.
=521  \\$aFor undergraduate, graduate, and professional students
=546  \\$aEnglish
=650  \0$aBiology
=856  40$uhttps://www.jove.com/video/1736
=945  \\$aThe Whole World

