=LDR  00849ngm a2200000i 4500
=001  JoVEBiology1685
=008  161201s2016\\\\xx\\\\\g\\\\\\s\\\\\eng\d
=035  \\$a(OCoLC)733445860
=040  \\$aVaAlASP$cVaAlASP
=100  1\$aParker,Mark
=245  12$aPrimary Culture and Plasmid Electroporation of the Murine Organ of Corti. $h[electronic resource]
=260  \\$aCambridge, MA$bMyJoVE Corp$c2016
=300  \\$aonline resource (749 seconds)
=490  0\$aBiology
=500  \\$aTitle from resource description page
=520  \\$aThis procedure describes a method for the isolation and culture of the murine organ of Corti with or without the spiral limbus and spiral ganglion neurons.  We also demonstrate a method for the expression of an exogenous reporter gene in the organ of Corti explant by electroporation.
=521  \\$aFor undergraduate, graduate, and professional students
=546  \\$aEnglish
=650  \0$aBiology
=856  40$uhttps://www.jove.com/video/1685
=945  \\$aThe Whole World

