=LDR  00861ngm a2200000i 4500
=001  JoVEBiology1742
=008  161201s2016\\\\xx\\\\\g\\\\\\s\\\\\eng\d
=035  \\$a(OCoLC)733445860
=040  \\$aVaAlASP$cVaAlASP
=100  1\$aZou,Su-Qi
=245  12$aUsing the optokinetic response to study visual function of zebrafish$h[electronic resource]
=260  \\$aCambridge, MA$bMyJoVE Corp$c2016
=300  \\$aonline resource (539 seconds)
=490  0\$aBiology
=500  \\$aTitle from resource description page
=520  \\$aOptokinetic response has been widely used to assess the visual functions of larval zebrafish. Nevertheless, the standard protocol for larval fish is not yet readily applicable in adults1-5. Here, we introduce how to measure the OKR of adult zebrafish using a new protocol which is established in our lab.
=521  \\$aFor undergraduate, graduate, and professional students
=546  \\$aEnglish
=650  \0$aBiology
=856  40$uhttps://www.jove.com/video/1742
=945  \\$aThe Whole World

