=LDR  00938ngm a2200000i 4500
=001  JoVEBiology1698
=008  161201s2016\\\\xx\\\\\g\\\\\\s\\\\\eng\d
=035  \\$a(OCoLC)733445860
=040  \\$aVaAlASP$cVaAlASP
=100  1\$aSnider,Jamie
=245  12$aSplit-Ubiquitin Based Membrane Yeast Two-Hybrid (MYTH) System: A Powerful Tool For Identifying Protein-Protein Interactions$h[electronic resource]
=260  \\$aCambridge, MA$bMyJoVE Corp$c2016
=300  \\$aonline resource (844 seconds)
=490  0\$aBiology
=500  \\$aTitle from resource description page
=520  \\$aMYTH allows the sensitive detection of transient and stable interactions between proteins that are expressed in the model organism Saccharomyces cerevisiae.  It has been successfully applied to study exogenous and yeast integral membrane proteins in order to identify their interacting partners in a high throughput manner.
=521  \\$aFor undergraduate, graduate, and professional students
=546  \\$aEnglish
=650  \0$aBiology
=856  40$uhttps://www.jove.com/video/1698
=945  \\$aThe Whole World

