=LDR  00950ngm a2200000i 4500
=001  JoVEMedicine1671
=008  161201s2016\\\\xx\\\\\g\\\\\\s\\\\\eng\d
=035  \\$a(OCoLC)733445860
=040  \\$aVaAlASP$cVaAlASP
=100  1\$aLandau,Ruth
=245  12$aAn Experimental Paradigm for the Prediction of Post-Operative Pain (PPOP)$h[electronic resource]
=260  \\$aCambridge, MA$bMyJoVE Corp$c2016
=300  \\$aonline resource (896 seconds)
=490  0\$aMedicine
=500  \\$aTitle from resource description page
=520  \\$aDiffuse noxious inhibitory control, temporal summation and wound hyperalgesia testing are demonstrated in the obstetric patient.  These tests evaluate inhibitory and excitatory mechanisms of pain processing and are here utilized to evaluate endogenous analgesia at different time-points during pregnancy and the peripartum period to help reveal individual s risk for persistent pain.
=521  \\$aFor undergraduate, graduate, and professional students
=546  \\$aEnglish
=650  \0$aMedicine
=856  40$uhttps://www.jove.com/video/1671
=945  \\$aThe Whole World

