=LDR  00792ngm a2200000i 4500
=001  JoVEBiology1649
=008  161201s2016\\\\xx\\\\\g\\\\\\s\\\\\eng\d
=035  \\$a(OCoLC)733445860
=040  \\$aVaAlASP$cVaAlASP
=100  1\$aAdewola,Adeola F.
=245  12$aA Multi-Parametric Islet Perifusion System within a Microfluidic Perifusion Device$h[electronic resource]
=260  \\$aCambridge, MA$bMyJoVE Corp$c2016
=300  \\$aonline resource (475 seconds)
=490  0\$aBiology
=500  \\$aTitle from resource description page
=520  \\$aA microfluidic islet perifusion device was developed for the assessment of dynamic insulin secretion of multiple islets and simultaneous fluorescence imaging of calcium influx and mitochondrial potential changes. 
=521  \\$aFor undergraduate, graduate, and professional students
=546  \\$aEnglish
=650  \0$aBiology
=856  40$uhttps://www.jove.com/video/1649
=945  \\$aThe Whole World

