=LDR  00767ngm a2200000i 4500
=001  JoVEBiology1750
=008  161201s2016\\\\xx\\\\\g\\\\\\s\\\\\eng\d
=035  \\$a(OCoLC)733445860
=040  \\$aVaAlASP$cVaAlASP
=100  1\$aKönigsrainer,Ingmar
=245  12$aRight Hemihepatectomy by Suprahilar Intrahepatic Transection of the Right Hemipedicle using a Vascular Stapler$h[electronic resource]
=260  \\$aCambridge, MA$bMyJoVE Corp$c2016
=300  \\$aonline resource (225 seconds)
=490  0\$aBiology
=500  \\$aTitle from resource description page
=520  \\$aThis video describes a right hemihepatectomy with intrahepatic transection of the right hemipedicle leaving the hepatoduodenal ligament completely untouched.
=521  \\$aFor undergraduate, graduate, and professional students
=546  \\$aEnglish
=650  \0$aBiology
=856  40$uhttps://www.jove.com/video/1750
=945  \\$aThe Whole World

