=LDR  00695ngm a2200000i 4500
=001  JoVEBiology1728
=008  161201s2016\\\\xx\\\\\g\\\\\\s\\\\\eng\d
=035  \\$a(OCoLC)733445860
=040  \\$aVaAlASP$cVaAlASP
=100  1\$aMegerian,Cliff A.
=245  12$aSurgical Induction of Endolymphatic Hydrops by Obliteration of the Endolymphatic Duct$h[electronic resource]
=260  \\$aCambridge, MA$bMyJoVE Corp$c2016
=300  \\$aonline resource (709 seconds)
=490  0\$aBiology
=500  \\$aTitle from resource description page
=520  \\$aThis video shows how to surgically obstruct the guinea pig's endolymphatic duct to produce endolymphatic hydrops.
=521  \\$aFor undergraduate, graduate, and professional students
=546  \\$aEnglish
=650  \0$aBiology
=856  40$uhttps://www.jove.com/video/1728
=945  \\$aThe Whole World

