=LDR  00809ngm a2200000i 4500
=001  JoVEBiology1437
=008  161201s2016\\\\xx\\\\\g\\\\\\s\\\\\eng\d
=035  \\$a(OCoLC)733445860
=040  \\$aVaAlASP$cVaAlASP
=100  1\$aHua,Xiaoqin
=245  12$aHeterotopic and Orthotopic Tracheal Transplantation in Mice used as Models to Study the Development of  Obliterative Airway Disease$h[electronic resource]
=260  \\$aCambridge, MA$bMyJoVE Corp$c2016
=300  \\$aonline resource (550 seconds)
=490  0\$aBiology
=500  \\$aTitle from resource description page
=520  \\$aThis video shows and compares two experimental models to study the development of obliterative airway disease (OAD) in mice, the heterotopic and orthotopic tracheal transplantation model.
=521  \\$aFor undergraduate, graduate, and professional students
=546  \\$aEnglish
=650  \0$aBiology
=856  40$uhttps://www.jove.com/video/1437
=945  \\$aThe Whole World

