=LDR  00772ngm a2200000i 4500
=001  JoVEBiology1652
=008  161201s2016\\\\xx\\\\\g\\\\\\s\\\\\eng\d
=035  \\$a(OCoLC)733445860
=040  \\$aVaAlASP$cVaAlASP
=100  1\$aWhittem,Caitlyn G.
=245  12$aMurine Colitis Modeling using Dextran Sulfate Sodium (DSS)$h[electronic resource]
=260  \\$aCambridge, MA$bMyJoVE Corp$c2016
=300  \\$aonline resource (520 seconds)
=490  0\$aBiology
=500  \\$aTitle from resource description page
=520  \\$aDextran sulfate sodium (DSS) administered in the drinking water is an established murine inflammatory injury model of acute colitis. This protocol outlines the method for DSS treatment and the preparation of tissues.
=521  \\$aFor undergraduate, graduate, and professional students
=546  \\$aEnglish
=650  \0$aBiology
=856  40$uhttps://www.jove.com/video/1652
=945  \\$aThe Whole World

