=LDR  00614ngm a2200000i 4500
=001  JoVEBiology1660
=008  161201s2016\\\\xx\\\\\g\\\\\\s\\\\\eng\d
=035  \\$a(OCoLC)733445860
=040  \\$aVaAlASP$cVaAlASP
=100  1\$aMeyer,Allyn
=245  12$aSpinal Cord Electrophysiology$h[electronic resource]
=260  \\$aCambridge, MA$bMyJoVE Corp$c2016
=300  \\$aonline resource (299 seconds)
=490  0\$aBiology
=500  \\$aTitle from resource description page
=520  \\$aA demonstration of the isolation of neonatal mouse spinal cord for electrophysiologic studies.
=521  \\$aFor undergraduate, graduate, and professional students
=546  \\$aEnglish
=650  \0$aBiology
=856  40$uhttps://www.jove.com/video/1660
=945  \\$aThe Whole World

