=LDR  00916ngm a2200000i 4500
=001  JoVEBiology1376
=008  161201s2016\\\\xx\\\\\g\\\\\\s\\\\\eng\d
=035  \\$a(OCoLC)733445860
=040  \\$aVaAlASP$cVaAlASP
=100  1\$ada Conceição,Fabio S.L.
=245  12$aMurine Model for Parkinson's Disease: from 6-OH Dopamine Lesion to Behavioral Test$h[electronic resource]
=260  \\$aCambridge, MA$bMyJoVE Corp$c2016
=300  \\$aonline resource (486 seconds)
=490  0\$aBiology
=500  \\$aTitle from resource description page
=520  \\$aParkinson disease is caused by loss of dopaminergic innervation to the striatum, which can be experimentally induced by 6-OH-dopamine. We describe how to perform a stereotaxic lesion and to monitor apomorphine-induced rotational behavior in mice. This model is useful and reliable for testing new therapies for Parkinson disease.
=521  \\$aFor undergraduate, graduate, and professional students
=546  \\$aEnglish
=650  \0$aBiology
=856  40$uhttps://www.jove.com/video/1376
=945  \\$aThe Whole World

