=LDR  00710ngm a2200000i 4500
=001  JoVEBiology1704
=008  161201s2016\\\\xx\\\\\g\\\\\\s\\\\\eng\d
=035  \\$a(OCoLC)733445860
=040  \\$aVaAlASP$cVaAlASP
=100  1\$aGagnon,James A.
=245  12$aVisualizing RNA Localization in Xenopus Oocytes$h[electronic resource]
=260  \\$aCambridge, MA$bMyJoVE Corp$c2016
=300  \\$aonline resource (426 seconds)
=490  0\$aBiology
=500  \\$aTitle from resource description page
=520  \\$aVisualization of in vivo RNA transport is accomplished by microinjection of fluorescently labeled RNA transcripts into Xenopus oocytes, followed by confocal microscopy.
=521  \\$aFor undergraduate, graduate, and professional students
=546  \\$aEnglish
=650  \0$aBiology
=856  40$uhttps://www.jove.com/video/1704
=945  \\$aThe Whole World

