=LDR  00665ngm a2200000i 4500
=001  JoVEBiology1701
=008  161201s2016\\\\xx\\\\\g\\\\\\s\\\\\eng\d
=035  \\$a(OCoLC)733445860
=040  \\$aVaAlASP$cVaAlASP
=100  1\$aTerrizzi,Stephanie C.
=245  12$aA Protocol for the Production of KLRG1 Tetramer$h[electronic resource]
=260  \\$aCambridge, MA$bMyJoVE Corp$c2016
=300  \\$aonline resource (444 seconds)
=490  0\$aBiology
=500  \\$aTitle from resource description page
=520  \\$aThis protocol describes the production of KLRG1 tetramer, which is a powerful tool for the analysis of KLRG1 ligands.
=521  \\$aFor undergraduate, graduate, and professional students
=546  \\$aEnglish
=650  \0$aBiology
=856  40$uhttps://www.jove.com/video/1701
=945  \\$aThe Whole World

