=LDR  00956ngm a2200000i 4500
=001  JoVEBiology1634
=008  161201s2016\\\\xx\\\\\g\\\\\\s\\\\\eng\d
=035  \\$a(OCoLC)733445860
=040  \\$aVaAlASP$cVaAlASP
=100  1\$aGustmann,Sebastian
=245  12$aIn vivo-like Organotypic Murine Retinal Wholemount Culture$h[electronic resource]
=260  \\$aCambridge, MA$bMyJoVE Corp$c2016
=300  \\$aonline resource (1526 seconds)
=490  0\$aBiology
=500  \\$aTitle from resource description page
=520  \\$aThis video article demonstrates the establishment of organotypic retinal wholemount cultures and a cytospin procedure for analysis of exogenously induced effects. Organotypic retinal wholemount cultures mimic the in vivo situation and significantly facilitate the accessibility of murine retinas for experimental manipulations while circumventing the disadvantages of classical murine animal models.
=521  \\$aFor undergraduate, graduate, and professional students
=546  \\$aEnglish
=650  \0$aBiology
=856  40$uhttps://www.jove.com/video/1634
=945  \\$aThe Whole World

