=LDR  00923ngm a2200000i 4500
=001  JoVEBiology1707
=008  161201s2016\\\\xx\\\\\g\\\\\\s\\\\\eng\d
=035  \\$a(OCoLC)733445860
=040  \\$aVaAlASP$cVaAlASP
=100  1\$aGoldschlager,Tony
=245  12$aUndecalcified Bone Preparation for Histology, Histomorphometry and Fluorochrome Analysis$h[electronic resource]
=260  \\$aCambridge, MA$bMyJoVE Corp$c2016
=300  \\$aonline resource (449 seconds)
=490  0\$aBiology
=500  \\$aTitle from resource description page
=520  \\$aUndecalcified bone histology provides important information for a variety of clinical and research applications. It is technically challenging, particularly with large size specimens. This video illustrates the process of producing good quality sections and demonstrates the technical difficulties and methods with which to overcome them.
=521  \\$aFor undergraduate, graduate, and professional students
=546  \\$aEnglish
=650  \0$aBiology
=856  40$uhttps://www.jove.com/video/1707
=945  \\$aThe Whole World

