=LDR  00878ngm a2200000i 4500
=001  JoVEBiology1662
=008  161201s2016\\\\xx\\\\\g\\\\\\s\\\\\eng\d
=035  \\$a(OCoLC)733445860
=040  \\$aVaAlASP$cVaAlASP
=100  1\$aMcCoy,Adam M.
=245  12$aUsing the Gene Pulser MXcell Electroporation System to Transfect Primary Cells with High Efficiency$h[electronic resource]
=260  \\$aCambridge, MA$bMyJoVE Corp$c2016
=300  \\$aonline resource (775 seconds)
=490  0\$aBiology
=500  \\$aTitle from resource description page
=520  \\$aThis procedure shows how to use the Gene Pulser MXcell electroporation system to rapidly and easily identify the best electroporation conditions for mouse embryonic fibroblasts (MEFs) or other primary cells. Considerations for troubleshooting are also discussed in the associated video.
=521  \\$aFor undergraduate, graduate, and professional students
=546  \\$aEnglish
=650  \0$aBiology
=856  40$uhttps://www.jove.com/video/1662
=945  \\$aThe Whole World

