=LDR  00838ngm a2200000i 4500
=001  JoVEBiology1695
=008  161201s2016\\\\xx\\\\\g\\\\\\s\\\\\eng\d
=035  \\$a(OCoLC)733445860
=040  \\$aVaAlASP$cVaAlASP
=100  1\$aOppegard,Shawn
=245  12$aFabrication and Operation of an Oxygen Insert for Adherent Cellular Cultures $h[electronic resource]
=260  \\$aCambridge, MA$bMyJoVE Corp$c2016
=300  \\$aonline resource (716 seconds)
=490  0\$aBiology
=500  \\$aTitle from resource description page
=520  \\$aFabrication and validation of an add-on platform that offers enhanced control over the spatial and temporal oxygenation in a 6-well plate.  The device is adaptable to a number of culture systems and can be used to investigate the effects of oxygen on wound healing.  
=521  \\$aFor undergraduate, graduate, and professional students
=546  \\$aEnglish
=650  \0$aBiology
=856  40$uhttps://www.jove.com/video/1695
=945  \\$aThe Whole World

