=LDR  00647ngm a2200000i 4500
=001  JoVEBiology1681
=008  161201s2016\\\\xx\\\\\g\\\\\\s\\\\\eng\d
=035  \\$a(OCoLC)733445860
=040  \\$aVaAlASP$cVaAlASP
=100  1\$aWang,Jin-Shan
=245  12$aSingle-cell Suction Recordings from Mouse Cone Photoreceptors$h[electronic resource]
=260  \\$aCambridge, MA$bMyJoVE Corp$c2016
=300  \\$aonline resource (875 seconds)
=490  0\$aBiology
=500  \\$aTitle from resource description page
=520  \\$aWe will show how to record flash responses from single mouse cones using a suction electrode.
=521  \\$aFor undergraduate, graduate, and professional students
=546  \\$aEnglish
=650  \0$aBiology
=856  40$uhttps://www.jove.com/video/1681
=945  \\$aThe Whole World

