=LDR  00878ngm a2200000i 4500
=001  JoVEBiology1676
=008  161201s2016\\\\xx\\\\\g\\\\\\s\\\\\eng\d
=035  \\$a(OCoLC)733445860
=040  \\$aVaAlASP$cVaAlASP
=100  1\$aMoulder,Krista L.
=245  12$aPresynaptically Silent Synapses Studied with Light Microscopy$h[electronic resource]
=260  \\$aCambridge, MA$bMyJoVE Corp$c2016
=300  \\$aonline resource (662 seconds)
=490  0\$aBiology
=500  \\$aTitle from resource description page
=520  \\$aGlutamatergic synapses can switch from an active mode to a silent mode. We demonstrate that presynaptic activity status in dissociated culture of rodent neurons is visualized using a fixable form of the FM1-43 dye to visualize active synapses and immunostaining with vGluT-1 antibody to visualize all glutamate synapses.
=521  \\$aFor undergraduate, graduate, and professional students
=546  \\$aEnglish
=650  \0$aBiology
=856  40$uhttps://www.jove.com/video/1676
=945  \\$aThe Whole World

