=LDR  00782ngm a2200000i 4500
=001  JoVEBiology1656
=008  161201s2016\\\\xx\\\\\g\\\\\\s\\\\\eng\d
=035  \\$a(OCoLC)733445860
=040  \\$aVaAlASP$cVaAlASP
=100  1\$aWhite,William N.
=245  12$aAutomated Microfluidic Blood Lysis Protocol for Enrichment of Circulating Nucleated Cells$h[electronic resource]
=260  \\$aCambridge, MA$bMyJoVE Corp$c2016
=300  \\$aonline resource (593 seconds)
=490  0\$aBiology
=500  \\$aTitle from resource description page
=520  \\$aAn automated microfluidic device was developed for circulating nucleated cell enrichment from peripheral blood via erythrocyte lysis that ensures isolation of high quality sample without cell loss.
=521  \\$aFor undergraduate, graduate, and professional students
=546  \\$aEnglish
=650  \0$aBiology
=856  40$uhttps://www.jove.com/video/1656
=945  \\$aThe Whole World

