=LDR  00921ngm a2200000i 4500
=001  JoVEBiology1687
=008  161201s2016\\\\xx\\\\\g\\\\\\s\\\\\eng\d
=035  \\$a(OCoLC)733445860
=040  \\$aVaAlASP$cVaAlASP
=100  1\$aBrown,Ashly
=245  12$aA Practical Approach to Genetic Inducible Fate Mapping: A Visual Guide to Mark and Track Cells In Vivo$h[electronic resource]
=260  \\$aCambridge, MA$bMyJoVE Corp$c2016
=300  \\$aonline resource (816 seconds)
=490  0\$aBiology
=500  \\$aTitle from resource description page
=520  \\$aGenetic Inducible Fate Mapping (GIFM) marks and tracks cells with fine spatial and temporal control in vivo and elucidates how cells from a specific genetic lineage contribute to developing and adult tissues.  Demonstrated here are the techniques required to fate map E12.5 mouse embryos for epifluorescent and explant analysis.
=521  \\$aFor undergraduate, graduate, and professional students
=546  \\$aEnglish
=650  \0$aBiology
=856  40$uhttps://www.jove.com/video/1687
=945  \\$aThe Whole World

