=LDR  00881ngm a2200000i 4500
=001  JoVEBiology1647
=008  161201s2016\\\\xx\\\\\g\\\\\\s\\\\\eng\d
=035  \\$a(OCoLC)733445860
=040  \\$aVaAlASP$cVaAlASP
=100  1\$aLee,Hyung-Kook (Peter)
=245  12$aLive Dissection of Drosophila Embryos: Streamlined Methods for Screening Mutant Collections by Antibody Staining$h[electronic resource]
=260  \\$aCambridge, MA$bMyJoVE Corp$c2016
=300  \\$aonline resource (828 seconds)
=490  0\$aBiology
=500  \\$aTitle from resource description page
=520  \\$aWe describe a streamlined protocol for generating "fillet" preparations of Drosophila embryos of specific genotypes.  This protocol allows efficient execution of   a variety of genetic screens.  It also allows excellent visualization of structures in the late embryo.
=521  \\$aFor undergraduate, graduate, and professional students
=546  \\$aEnglish
=650  \0$aBiology
=856  40$uhttps://www.jove.com/video/1647
=945  \\$aThe Whole World

