=LDR  00909ngm a2200000i 4500
=001  JoVEBiology1627
=008  161201s2016\\\\xx\\\\\g\\\\\\s\\\\\eng\d
=035  \\$a(OCoLC)733445860
=040  \\$aVaAlASP$cVaAlASP
=100  1\$aMünst,Bernhard
=245  12$aEngineering Cell-permeable Protein$h[electronic resource]
=260  \\$aCambridge, MA$bMyJoVE Corp$c2016
=300  \\$aonline resource (1268 seconds)
=490  0\$aBiology
=500  \\$aTitle from resource description page
=520  \\$aProtein transduction enables the direct delivery of biologically active proteins into cells. In contrast to conventional methods such as DNA transfection or viral transduction this non-invasive paradigm allows highly efficient cellular manipulation in a titratable manner circumventing cellular toxicity and the risk of oncogenic transformation by permanent genetic modification.
=521  \\$aFor undergraduate, graduate, and professional students
=546  \\$aEnglish
=650  \0$aBiology
=856  40$uhttps://www.jove.com/video/1627
=945  \\$aThe Whole World

