=LDR  01074ngm a2200000i 4500
=001  JoVEBiology1555
=008  161201s2016\\\\xx\\\\\g\\\\\\s\\\\\eng\d
=035  \\$a(OCoLC)733445860
=040  \\$aVaAlASP$cVaAlASP
=100  1\$aKent,Lia
=245  12$aFreezing and Thawing Human Embryonic Stem Cells$h[electronic resource]
=260  \\$aCambridge, MA$bMyJoVE Corp$c2016
=300  \\$aonline resource (529 seconds)
=490  0\$aBiology
=500  \\$aTitle from resource description page
=520  \\$aSince James Thomson et al developed a technique in 1998 to isolate and grow hES in culture, freezing cells for later use and thawing and expanding cells from a frozen stock have become important procedures performed in routine hES cell culture. Since hES cells are very sensitive to the stresses of freezing and thawing, special care must taken. Here we demonstrate the proper technique for rapidly thawing hES cells from liquid nitrogen stocks, plating them on mouse embryonic feeder cells, and slowly freezing them for long-term storage.
=521  \\$aFor undergraduate, graduate, and professional students
=546  \\$aEnglish
=650  \0$aBiology
=856  40$uhttps://www.jove.com/video/1555
=945  \\$aThe Whole World

