=LDR  00954ngm a2200000i 4500
=001  JoVEBiology1669
=008  161201s2016\\\\xx\\\\\g\\\\\\s\\\\\eng\d
=035  \\$a(OCoLC)733445860
=040  \\$aVaAlASP$cVaAlASP
=100  1\$aGabriel,Luke
=245  12$aMeasuring Plasma Membrane Protein Endocytic Rates by Reversible Biotinylation$h[electronic resource]
=260  \\$aCambridge, MA$bMyJoVE Corp$c2016
=300  \\$aonline resource (692 seconds)
=490  0\$aBiology
=500  \\$aTitle from resource description page
=520  \\$aRegulated endocytosis governs the cell surface expression levels of the majority of membrane proteins.  Here we utilize reducible, membrane impermeant biotinylation reagents to measure the endocytic rate of the dopamine transporter (DAT), a polytopic membrane protein.  The method facilitates a straightforward approach to measuring the endocytic rate of most plasma membrane proteins.
=521  \\$aFor undergraduate, graduate, and professional students
=546  \\$aEnglish
=650  \0$aBiology
=856  40$uhttps://www.jove.com/video/1669
=945  \\$aThe Whole World

