=LDR  00644ngm a2200000i 4500
=001  JoVEBiology1427
=008  161201s2016\\\\xx\\\\\g\\\\\\s\\\\\eng\d
=035  \\$a(OCoLC)733445860
=040  \\$aVaAlASP$cVaAlASP
=100  1\$aKent,Lia
=245  12$aCulture and Maintenance of Human Embryonic Stem Cells  $h[electronic resource]
=260  \\$aCambridge, MA$bMyJoVE Corp$c2016
=300  \\$aonline resource (576 seconds)
=490  0\$aBiology
=500  \\$aTitle from resource description page
=520  \\$aThis protocol demonstrates how to maintain healthy, undifferentiated human embryonic stem (ES) cells.
=521  \\$aFor undergraduate, graduate, and professional students
=546  \\$aEnglish
=650  \0$aBiology
=856  40$uhttps://www.jove.com/video/1427
=945  \\$aThe Whole World

