=LDR  00889ngm a2200000i 4500
=001  JoVEBiology1630
=008  161201s2016\\\\xx\\\\\g\\\\\\s\\\\\eng\d
=035  \\$a(OCoLC)733445860
=040  \\$aVaAlASP$cVaAlASP
=100  1\$aSoplop,Nadine H.
=245  12$aPreparation of embryos for Electron Microscopy of the Drosophila embryonic heart tube$h[electronic resource]
=260  \\$aCambridge, MA$bMyJoVE Corp$c2016
=300  \\$aonline resource (563 seconds)
=490  0\$aBiology
=500  \\$aTitle from resource description page
=520  \\$aWe describe a process for fixation, embedding, sectioning, and imaging of late stage Drosophila  embryos for Trasmission Electron Microscopy of the embryonic heart tube.  This technique allows for the visualization of the heart tube lumen as well as the basement membrane, which lines the lumen of the heart.
=521  \\$aFor undergraduate, graduate, and professional students
=546  \\$aEnglish
=650  \0$aBiology
=856  40$uhttps://www.jove.com/video/1630
=945  \\$aThe Whole World

