=LDR  00675ngm a2200000i 4500
=001  JoVEBiology1692
=008  161201s2016\\\\xx\\\\\g\\\\\\s\\\\\eng\d
=035  \\$a(OCoLC)733445860
=040  \\$aVaAlASP$cVaAlASP
=100  1\$aAbu-Yousif,Adnan O.
=245  12$aPuraMatrix Encapsulation of Cancer Cells$h[electronic resource]
=260  \\$aCambridge, MA$bMyJoVE Corp$c2016
=300  \\$aonline resource (428 seconds)
=490  0\$aBiology
=500  \\$aTitle from resource description page
=520  \\$aThis video demonstrates how to encapsulate and culture cancer cells in PuraMatrix, a commercially available self assembling peptide gel.
=521  \\$aFor undergraduate, graduate, and professional students
=546  \\$aEnglish
=650  \0$aBiology
=856  40$uhttps://www.jove.com/video/1692
=945  \\$aThe Whole World

