=LDR  00716ngm a2200000i 4500
=001  JoVEBiology1653
=008  161201s2016\\\\xx\\\\\g\\\\\\s\\\\\eng\d
=035  \\$a(OCoLC)733445860
=040  \\$aVaAlASP$cVaAlASP
=100  1\$aKumai,Toshifumi
=245  12$aExtraction of the EPP Component from the Surface EMG$h[electronic resource]
=260  \\$aCambridge, MA$bMyJoVE Corp$c2016
=300  \\$aonline resource (436 seconds)
=490  0\$aBiology
=500  \\$aTitle from resource description page
=520  \\$aThe endplate potential (EPP) component can be extracted from the surface EMG using a digital filter. The extracted EPP shows oscillation with a frequency of about 30 Hz.
=521  \\$aFor undergraduate, graduate, and professional students
=546  \\$aEnglish
=650  \0$aBiology
=856  40$uhttps://www.jove.com/video/1653
=945  \\$aThe Whole World

