=LDR  00880ngm a2200000i 4500
=001  JoVEBiology1617
=008  161201s2016\\\\xx\\\\\g\\\\\\s\\\\\eng\d
=035  \\$a(OCoLC)733445860
=040  \\$aVaAlASP$cVaAlASP
=100  1\$aKaul,Aamna K.
=245  12$aA Novel RFP Reporter to Aid in the Visualization of the Eye Imaginal Disc in Drosophila$h[electronic resource]
=260  \\$aCambridge, MA$bMyJoVE Corp$c2016
=300  \\$aonline resource (367 seconds)
=490  0\$aBiology
=500  \\$aTitle from resource description page
=520  \\$aWe describe a novel red fluorescent protein (RFP) reporter that is expressed specifically in the Drosophila eye. We detail a methodology for dissection of the eye imaginal disc and how this reporter can be used to aid in the dissection and identification of specific cell types in the developing eye.
=521  \\$aFor undergraduate, graduate, and professional students
=546  \\$aEnglish
=650  \0$aBiology
=856  40$uhttps://www.jove.com/video/1617
=945  \\$aThe Whole World

