=LDR  00881ngm a2200000i 4500
=001  JoVEBiology1650
=008  161201s2016\\\\xx\\\\\g\\\\\\s\\\\\eng\d
=035  \\$a(OCoLC)733445860
=040  \\$aVaAlASP$cVaAlASP
=100  1\$aMudanyali,Onur
=245  12$aLensless On-chip Imaging of Cells Provides a New Tool for High-throughput Cell-Biology and Medical Diagnostics$h[electronic resource]
=260  \\$aCambridge, MA$bMyJoVE Corp$c2016
=300  \\$aonline resource (499 seconds)
=490  0\$aBiology
=500  \\$aTitle from resource description page
=520  \\$aLensfree on-chip imaging and characterization of cells is illustrated. This on-chip cell imaging approach provides a compact and cost-effective tool for medical diagnostics and high-throughput cell biology applications, making it especially suitable for resource poor settings.
=521  \\$aFor undergraduate, graduate, and professional students
=546  \\$aEnglish
=650  \0$aBiology
=856  40$uhttps://www.jove.com/video/1650
=945  \\$aThe Whole World

