=LDR  00969ngm a2200000i 4500
=001  JoVEBiology1616
=008  161201s2016\\\\xx\\\\\g\\\\\\s\\\\\eng\d
=035  \\$a(OCoLC)733445860
=040  \\$aVaAlASP$cVaAlASP
=100  1\$aCalahorro,Fernando
=245  12$aOsmotic Avoidance in Caenorhabditis elegans: Synaptic Function of Two Genes, Orthologues of Human NRXN1 and NLGN1, as Candidates for Autism$h[electronic resource]
=260  \\$aCambridge, MA$bMyJoVE Corp$c2016
=300  \\$aonline resource (680 seconds)
=490  0\$aBiology
=500  \\$aTitle from resource description page
=520  \\$aNeurexins and neuroligins are membrane-neuron adhesion proteins which perform essential roles in synaptic differentiation and transmission. Neuroligin deficient mutants of C. elegans are defective in detecting osmotic strength, but when they also contain a mutation in the gene coding neurexin, they recover the wild type phenotype.
=521  \\$aFor undergraduate, graduate, and professional students
=546  \\$aEnglish
=650  \0$aBiology
=856  40$uhttps://www.jove.com/video/1616
=945  \\$aThe Whole World

