=LDR  00895ngm a2200000i 4500
=001  JoVEBiology1614
=008  161201s2016\\\\xx\\\\\g\\\\\\s\\\\\eng\d
=035  \\$a(OCoLC)733445860
=040  \\$aVaAlASP$cVaAlASP
=100  1\$aLu,Van B.
=245  12$aIntranuclear Microinjection of DNA into Dissociated Adult Mammalian Neurons$h[electronic resource]
=260  \\$aCambridge, MA$bMyJoVE Corp$c2016
=300  \\$aonline resource (819 seconds)
=490  0\$aBiology
=500  \\$aTitle from resource description page
=520  \\$aDirect intranuclear injection of cDNA is an effective transfection technique for post-mitotic cells. This method provides high levels of heterologous protein expression from single or multiple cDNA constructs and enables protein function to be studied in a physiologically relevant environment with a variety of single cell assays.
=521  \\$aFor undergraduate, graduate, and professional students
=546  \\$aEnglish
=650  \0$aBiology
=856  40$uhttps://www.jove.com/video/1614
=945  \\$aThe Whole World

