=LDR  00907ngm a2200000i 4500
=001  JoVEBiology1553
=008  161201s2016\\\\xx\\\\\g\\\\\\s\\\\\eng\d
=035  \\$a(OCoLC)733445860
=040  \\$aVaAlASP$cVaAlASP
=100  1\$aWu,Dongmei
=245  12$aGeneration of Induced Pluripotent Stem Cells by Reprogramming Human Fibroblasts with the Stemgent Human TF Lentivirus Set$h[electronic resource]
=260  \\$aCambridge, MA$bMyJoVE Corp$c2016
=300  \\$aonline resource (730 seconds)
=490  0\$aBiology
=500  \\$aTitle from resource description page
=520  \\$aWe demonstrate the protocol for the generation of induced pluripotent stem cells from human somatic cells using lentivirus-mediated delivery of the human factors Oct4, Sox2, Nanog, and Lin28.  Pluripotency was confirmed by morphology and the presence of embryonic stem (ES) cell-specific markers.
=521  \\$aFor undergraduate, graduate, and professional students
=546  \\$aEnglish
=650  \0$aBiology
=856  40$uhttps://www.jove.com/video/1553
=945  \\$aThe Whole World

