=LDR  00603ngm a2200000i 4500
=001  JoVEBiology1645
=008  161201s2016\\\\xx\\\\\g\\\\\\s\\\\\eng\d
=035  \\$a(OCoLC)733445860
=040  \\$aVaAlASP$cVaAlASP
=100  1\$aPugach,Emily K.
=245  12$aRetro-orbital Injection in Adult Zebrafish$h[electronic resource]
=260  \\$aCambridge, MA$bMyJoVE Corp$c2016
=300  \\$aonline resource (290 seconds)
=490  0\$aBiology
=500  \\$aTitle from resource description page
=520  \\$aHere we show how to do retro-orbital injection in adult zebrafish.
=521  \\$aFor undergraduate, graduate, and professional students
=546  \\$aEnglish
=650  \0$aBiology
=856  40$uhttps://www.jove.com/video/1645
=945  \\$aThe Whole World

