=LDR  00874ngm a2200000i 4500
=001  JoVEBiology1631
=008  161201s2016\\\\xx\\\\\g\\\\\\s\\\\\eng\d
=035  \\$a(OCoLC)733445860
=040  \\$aVaAlASP$cVaAlASP
=100  1\$aObaid,Ana L.
=245  12$aOptical Recording of Electrical Activity in Guinea-pig Enteric Networks using Voltage-sensitive Dyes$h[electronic resource]
=260  \\$aCambridge, MA$bMyJoVE Corp$c2016
=300  \\$aonline resource (863 seconds)
=490  0\$aBiology
=500  \\$aTitle from resource description page
=520  \\$aThis protocol illustrates how voltage-sensitive dyes enable optical recording of electrical activity from intact neural networks such as the plexuses of the guinea-pig enteric nervous system, with an adjustable resolution that ranges from single-cells to multi-ganglionic circuitry.
=521  \\$aFor undergraduate, graduate, and professional students
=546  \\$aEnglish
=650  \0$aBiology
=856  40$uhttps://www.jove.com/video/1631
=945  \\$aThe Whole World

