=LDR  00988ngm a2200000i 4500
=001  JoVEBiology1842
=008  161201s2016\\\\xx\\\\\g\\\\\\s\\\\\eng\d
=035  \\$a(OCoLC)733445860
=040  \\$aVaAlASP$cVaAlASP
=100  1\$aWitkowski,Chuck
=245  12$aUsing the GELFREE 8100 Fractionation System for Molecular Weight-Based Fractionation with Liquid Phase Recovery$h[electronic resource]
=260  \\$aCambridge, MA$bMyJoVE Corp$c2016
=300  \\$aonline resource (477 seconds)
=490  0\$aBiology
=500  \\$aTitle from resource description page
=520  \\$aThe accompanying video describes the use of the GELFREE 8100 Fractionation System, which partitions complex protein samples on the basis of molecular weight and recovers the fractions in liquid phase.  The video describes how the technology works, how it is used, and provides resultant data, with polyacrylamide gel electrophoresis analysis of fractionated bovine liver homogenate.
=521  \\$aFor undergraduate, graduate, and professional students
=546  \\$aEnglish
=650  \0$aBiology
=856  40$uhttps://www.jove.com/video/1842
=945  \\$aThe Whole World

