=LDR  00837ngm a2200000i 4500
=001  JoVEBiology1622
=008  161201s2016\\\\xx\\\\\g\\\\\\s\\\\\eng\d
=035  \\$a(OCoLC)733445860
=040  \\$aVaAlASP$cVaAlASP
=100  1\$aWatkins,Katherine H.
=245  12$aA Rapid High-throughput Method for Mapping Ribonucleoproteins (RNPs) on Human pre-mRNA$h[electronic resource]
=260  \\$aCambridge, MA$bMyJoVE Corp$c2016
=300  \\$aonline resource (780 seconds)
=490  0\$aBiology
=500  \\$aTitle from resource description page
=520  \\$aDue to the transient nature of pre-mRNA, it can be difficult to isolate and study in vivo.  Here, we present a novel in vitro approach to investigate RNA-protein interactions using a synthetic oligo pool that tiles across selected regions of pre-mRNA.
=521  \\$aFor undergraduate, graduate, and professional students
=546  \\$aEnglish
=650  \0$aBiology
=856  40$uhttps://www.jove.com/video/1622
=945  \\$aThe Whole World

