=LDR  00868ngm a2200000i 4500
=001  JoVEBiology1599
=008  161201s2016\\\\xx\\\\\g\\\\\\s\\\\\eng\d
=035  \\$a(OCoLC)733445860
=040  \\$aVaAlASP$cVaAlASP
=100  1\$aIyer,Eswar Prasad R.
=245  12$aIsolation and Purification of Drosophila Peripheral Neurons by Magnetic Bead Sorting$h[electronic resource]
=260  \\$aCambridge, MA$bMyJoVE Corp$c2016
=300  \\$aonline resource (724 seconds)
=490  0\$aBiology
=500  \\$aTitle from resource description page
=520  \\$aIn this video-article we present a method for the isolation and purification of Drosophila peripheral neurons using a fast magnetic bead assisted cell sorting strategy. RNA obtained from the isolated cells can be readily used for downstream applications including microarray analyses.
=521  \\$aFor undergraduate, graduate, and professional students
=546  \\$aEnglish
=650  \0$aBiology
=856  40$uhttps://www.jove.com/video/1599
=945  \\$aThe Whole World

