=LDR  00916ngm a2200000i 4500
=001  JoVEBiology1620
=008  161201s2016\\\\xx\\\\\g\\\\\\s\\\\\eng\d
=035  \\$a(OCoLC)733445860
=040  \\$aVaAlASP$cVaAlASP
=100  1\$aDohle,Daniel S.
=245  12$aChick ex ovo Culture and ex ovo CAM Assay: How it Really Works$h[electronic resource]
=260  \\$aCambridge, MA$bMyJoVE Corp$c2016
=300  \\$aonline resource (1043 seconds)
=490  0\$aBiology
=500  \\$aTitle from resource description page
=520  \\$aThe chick chorioallantoic membrane (CAM) is a unique, naturally immunodeficient supportive culture environment to study angiogenesis and tumorigenesis. This video article demonstrates the different steps in chick ex ovo culture, application of potentially angiogenic substances and successful inoculation of tumor cells and tissues on the surface of the CAM.
=521  \\$aFor undergraduate, graduate, and professional students
=546  \\$aEnglish
=650  \0$aBiology
=856  40$uhttps://www.jove.com/video/1620
=945  \\$aThe Whole World

