=LDR  00681ngm a2200000i 4500
=001  JoVEBiology1581
=008  161201s2016\\\\xx\\\\\g\\\\\\s\\\\\eng\d
=035  \\$a(OCoLC)733445860
=040  \\$aVaAlASP$cVaAlASP
=100  1\$aPaulite,Melissa
=245  12$aAssembly, Tuning and Use of an Apertureless Near Field Infrared Microscope for Protein Imaging$h[electronic resource]
=260  \\$aCambridge, MA$bMyJoVE Corp$c2016
=300  \\$aonline resource (747 seconds)
=490  0\$aBiology
=500  \\$aTitle from resource description page
=520  \\$aThe assembly of a nearfield infrared microscope for imaging protein aggregates is described.
=521  \\$aFor undergraduate, graduate, and professional students
=546  \\$aEnglish
=650  \0$aBiology
=856  40$uhttps://www.jove.com/video/1581
=945  \\$aThe Whole World

