=LDR  00898ngm a2200000i 4500
=001  JoVEBiology1564
=008  161201s2016\\\\xx\\\\\g\\\\\\s\\\\\eng\d
=035  \\$a(OCoLC)733445860
=040  \\$aVaAlASP$cVaAlASP
=100  1\$aBellacen,Keren
=245  12$aAortic Ring Assay$h[electronic resource]
=260  \\$aCambridge, MA$bMyJoVE Corp$c2016
=300  \\$aonline resource (552 seconds)
=490  0\$aBiology
=500  \\$aTitle from resource description page
=520  \\$aAngiogenesis, the sprouting of blood vessels from pre-existing vasculature, is associated with both natural and pathological processes. Here we demonstrate an aortic ring assay that allows angiogenic potentiators and inhibitors to be directly added to aortic rings in culture. Sprouting and neovessel outgrowth can be determined by inspecting the aortic rings over a period of 6-12 days.
=521  \\$aFor undergraduate, graduate, and professional students
=546  \\$aEnglish
=650  \0$aBiology
=856  40$uhttps://www.jove.com/video/1564
=945  \\$aThe Whole World

