=LDR  00945ngm a2200000i 4500
=001  JoVEBiology1558
=008  161201s2016\\\\xx\\\\\g\\\\\\s\\\\\eng\d
=035  \\$a(OCoLC)733445860
=040  \\$aVaAlASP$cVaAlASP
=100  1\$aLeClair,Elizabeth E.
=245  12$aMethods for the Study of the Zebrafish Maxillary Barbel$h[electronic resource]
=260  \\$aCambridge, MA$bMyJoVE Corp$c2016
=300  \\$aonline resource (570 seconds)
=490  0\$aBiology
=500  \\$aTitle from resource description page
=520  \\$aThe zebrafish maxillary barbel is an integumentary sense organ containing ectodermal, mesodermal and neural crest derivatives.  Importantly, the adult barbel can regenerate after proximal amputation.  This video introduces maxillary barbel development and demonstrates a surgical protocol to induce regeneration, followed by collection, embedding and downstream imaging of barbel specimens.
=521  \\$aFor undergraduate, graduate, and professional students
=546  \\$aEnglish
=650  \0$aBiology
=856  40$uhttps://www.jove.com/video/1558
=945  \\$aThe Whole World

