=LDR  00911ngm a2200000i 4500
=001  JoVEBiology1324
=008  161201s2016\\\\xx\\\\\g\\\\\\s\\\\\eng\d
=035  \\$a(OCoLC)733445860
=040  \\$aVaAlASP$cVaAlASP
=100  1\$aHoule,John D.
=245  12$aCombining Peripheral Nerve Grafting and Matrix Modulation to Repair the Injured Rat Spinal Cord$h[electronic resource]
=260  \\$aCambridge, MA$bMyJoVE Corp$c2016
=300  \\$aonline resource (1214 seconds)
=490  0\$aBiology
=500  \\$aTitle from resource description page
=520  \\$aTraumatic injury to the spinal cord disrupts communication with the brain. To restore lost connectivity we utilize a peripheral nerve graft to provide a substratum for regenerating fibers in combination with neurotrophic factors and matrix-modulating enzymes to remove inhibitory molecules to promote long distance growth.
=521  \\$aFor undergraduate, graduate, and professional students
=546  \\$aEnglish
=650  \0$aBiology
=856  40$uhttps://www.jove.com/video/1324
=945  \\$aThe Whole World

