=LDR  00824ngm a2200000i 4500
=001  JoVEBiology1659
=008  161201s2016\\\\xx\\\\\g\\\\\\s\\\\\eng\d
=035  \\$a(OCoLC)733445860
=040  \\$aVaAlASP$cVaAlASP
=100  1\$aPucihar,Gorazd
=245  12$aMeasuring the Induced Membrane Voltage with Di-8-ANEPPS$h[electronic resource]
=260  \\$aCambridge, MA$bMyJoVE Corp$c2016
=300  \\$aonline resource (352 seconds)
=490  0\$aBiology
=500  \\$aTitle from resource description page
=520  \\$aExternal electric field induces a voltage on the membrane of a cell, termed the induced membrane voltage (ΔΦ). By using the potentiometric dye di-8-ANEPPS, it is possible to measure the ΔΦ noninvasively. This video shows the protocol for measuring ΔΦ using di-8-ANEPPS.
=521  \\$aFor undergraduate, graduate, and professional students
=546  \\$aEnglish
=650  \0$aBiology
=856  40$uhttps://www.jove.com/video/1659
=945  \\$aThe Whole World

