=LDR  00800ngm a2200000i 4500
=001  JoVEBiology1550
=008  161201s2016\\\\xx\\\\\g\\\\\\s\\\\\eng\d
=035  \\$a(OCoLC)733445860
=040  \\$aVaAlASP$cVaAlASP
=100  1\$aXiong,Wen
=245  12$aThe use of SC1 (Pluripotin) to Support mESC Self-renewal in the Absence of LIF$h[electronic resource]
=260  \\$aCambridge, MA$bMyJoVE Corp$c2016
=300  \\$aonline resource (358 seconds)
=490  0\$aBiology
=500  \\$aTitle from resource description page
=520  \\$aSC1 functions through dual inhibition of Ras- GAP and ERK1.  We tested the function of SC1 in supporting mouse ES cell self-renewal in the absence of LIF and showed that SC1 is able to maintain self-renewal of mouse ES cell cultures.
=521  \\$aFor undergraduate, graduate, and professional students
=546  \\$aEnglish
=650  \0$aBiology
=856  40$uhttps://www.jove.com/video/1550
=945  \\$aThe Whole World

