=LDR  00697ngm a2200000i 4500
=001  JoVEBiology1543
=008  161201s2016\\\\xx\\\\\g\\\\\\s\\\\\eng\d
=035  \\$a(OCoLC)733445860
=040  \\$aVaAlASP$cVaAlASP
=100  1\$aHagihara,Hideo
=245  12$aDissection of Hippocampal Dentate Gyrus from Adult Mouse$h[electronic resource]
=260  \\$aCambridge, MA$bMyJoVE Corp$c2016
=300  \\$aonline resource (462 seconds)
=490  0\$aBiology
=500  \\$aTitle from resource description page
=520  \\$aA dissection technique for removal of the dentate gyrus from adult mouse under a stereomicroscope was demonstrated in this video-recorded protocol.
=521  \\$aFor undergraduate, graduate, and professional students
=546  \\$aEnglish
=650  \0$aBiology
=856  40$uhttps://www.jove.com/video/1543
=945  \\$aThe Whole World

