=LDR  00807ngm a2200000i 4500
=001  JoVEBiology1596
=008  161201s2016\\\\xx\\\\\g\\\\\\s\\\\\eng\d
=035  \\$a(OCoLC)733445860
=040  \\$aVaAlASP$cVaAlASP
=100  1\$aCooper,Ann S.
=245  12$aMonitoring Heart Function in Larval Drosophila melanogaster for Physiological Studies$h[electronic resource]
=260  \\$aCambridge, MA$bMyJoVE Corp$c2016
=300  \\$aonline resource (577 seconds)
=490  0\$aBiology
=500  \\$aTitle from resource description page
=520  \\$aWe present various ways to monitor heart function in the larva of Drosophila for assessing questions dealing with the function of gap junctions, ion channel mutations, modulation of pacemaker activity and pharmacological studies.
=521  \\$aFor undergraduate, graduate, and professional students
=546  \\$aEnglish
=650  \0$aBiology
=856  40$uhttps://www.jove.com/video/1596
=945  \\$aThe Whole World

