=LDR  01015ngm a2200000i 4500
=001  JoVEBiology1447
=008  161201s2016\\\\xx\\\\\g\\\\\\s\\\\\eng\d
=035  \\$a(OCoLC)733445860
=040  \\$aVaAlASP$cVaAlASP
=100  1\$aHamilton,Brad
=245  12$aGeneration of Induced Pluripotent Stem Cells by Reprogramming Mouse Embryonic Fibroblasts with a Four Transcription Factor, Doxycycline Inducible Lentiviral Transduction System$h[electronic resource]
=260  \\$aCambridge, MA$bMyJoVE Corp$c2016
=300  \\$aonline resource (708 seconds)
=490  0\$aBiology
=500  \\$aTitle from resource description page
=520  \\$aThe Stemgent Dox Inducible Mouse TF Lentivirus Set can reprogram mouse embryonic fibroblasts (MEFs) to induced pluripotent stem (iPS) cells.  Here we demonstrate the protocol for DOX-inducible expression of mouse reprogramming transcription factors Oct4, Sox2, Klf4 and c-Myc to generate iPS colonies that express common mES pluripotency markers.
=521  \\$aFor undergraduate, graduate, and professional students
=546  \\$aEnglish
=650  \0$aBiology
=856  40$uhttps://www.jove.com/video/1447
=945  \\$aThe Whole World

