=LDR  00810ngm a2200000i 4500
=001  JoVEBiology1554
=008  161201s2016\\\\xx\\\\\g\\\\\\s\\\\\eng\d
=035  \\$a(OCoLC)733445860
=040  \\$aVaAlASP$cVaAlASP
=100  1\$aRepetto,Claudia
=245  12$aThe use of Biofeedback in Clinical Virtual Reality: The INTREPID Project$h[electronic resource]
=260  \\$aCambridge, MA$bMyJoVE Corp$c2016
=300  \\$aonline resource (412 seconds)
=490  0\$aBiology
=500  \\$aTitle from resource description page
=520  \\$aThe Project on Virtual Reality Intelligent Multi-sensor System for the Treatment of Anxiety-related Disorders (INTREPID) is aimed at developing a multi-sensor context-aware virtual reality system for the treatment of anxiety-related disorders.
=521  \\$aFor undergraduate, graduate, and professional students
=546  \\$aEnglish
=650  \0$aBiology
=856  40$uhttps://www.jove.com/video/1554
=945  \\$aThe Whole World

