=LDR  00683ngm a2200000i 4500
=001  JoVEBiology1569
=008  161201s2016\\\\xx\\\\\g\\\\\\s\\\\\eng\d
=035  \\$a(OCoLC)733445860
=040  \\$aVaAlASP$cVaAlASP
=100  1\$aLee,Sangwon
=245  12$aExtraction of High Molecular Weight Genomic DNA from Soils and Sediments$h[electronic resource]
=260  \\$aCambridge, MA$bMyJoVE Corp$c2016
=300  \\$aonline resource (684 seconds)
=490  0\$aBiology
=500  \\$aTitle from resource description page
=520  \\$aA methodology to isolate high molecular weight and high quality genomic DNA from soil microbial community is described. 
=521  \\$aFor undergraduate, graduate, and professional students
=546  \\$aEnglish
=650  \0$aBiology
=856  40$uhttps://www.jove.com/video/1569
=945  \\$aThe Whole World

