=LDR  00744ngm a2200000i 4500
=001  JoVEBiology1595
=008  161201s2016\\\\xx\\\\\g\\\\\\s\\\\\eng\d
=035  \\$a(OCoLC)733445860
=040  \\$aVaAlASP$cVaAlASP
=100  1\$aCooper,Ann S.
=245  12$aHistorical View and Physiology Demonstration at the NMJ of the Crayfish Opener Muscle$h[electronic resource]
=260  \\$aCambridge, MA$bMyJoVE Corp$c2016
=300  \\$aonline resource (716 seconds)
=490  0\$aBiology
=500  \\$aTitle from resource description page
=520  \\$aThe opener muscle of the crayfish leg is presented for its historical importance and experimental versatility in muscle phenotype, synaptic physiology and plasticity.
=521  \\$aFor undergraduate, graduate, and professional students
=546  \\$aEnglish
=650  \0$aBiology
=856  40$uhttps://www.jove.com/video/1595
=945  \\$aThe Whole World

