=LDR  00902ngm a2200000i 4500
=001  JoVEBiology1603
=008  161201s2016\\\\xx\\\\\g\\\\\\s\\\\\eng\d
=035  \\$a(OCoLC)733445860
=040  \\$aVaAlASP$cVaAlASP
=100  1\$aJebrail,Mais J.
=245  12$aDigital Microfluidics for Automated Proteomic Processing$h[electronic resource]
=260  \\$aCambridge, MA$bMyJoVE Corp$c2016
=300  \\$aonline resource (655 seconds)
=490  0\$aBiology
=500  \\$aTitle from resource description page
=520  \\$aDigital Microfluidics is a technique characterized by the manipulation of discrete droplets (~nL - mL) on an array of electrodes by the application of electrical fields. It is well-suited for carrying out rapid, sequential, miniaturized automated biochemical assays. Here, we report a platform capable of automating several proteomic processing steps.
=521  \\$aFor undergraduate, graduate, and professional students
=546  \\$aEnglish
=650  \0$aBiology
=856  40$uhttps://www.jove.com/video/1603
=945  \\$aThe Whole World

