=LDR  00902ngm a2200000i 4500
=001  JoVEBiology1530
=008  161201s2016\\\\xx\\\\\g\\\\\\s\\\\\eng\d
=035  \\$a(OCoLC)733445860
=040  \\$aVaAlASP$cVaAlASP
=100  1\$aBalbo,Andrea
=245  12$aAssembly, Loading, and Alignment of an Analytical Ultracentrifuge Sample Cell$h[electronic resource]
=260  \\$aCambridge, MA$bMyJoVE Corp$c2016
=300  \\$aonline resource (696 seconds)
=490  0\$aBiology
=500  \\$aTitle from resource description page
=520  \\$aThe analytical ultracentrifuge (AUC) sample cell holds sample and reference buffer and during experiments and is exposed to high vacuum and rotor speeds up to 60,000 rpm.  This video will demonstrate the rigorous attention to detail necessary for assembly, loading and alignment of this very important component of an AUC experiment.
=521  \\$aFor undergraduate, graduate, and professional students
=546  \\$aEnglish
=650  \0$aBiology
=856  40$uhttps://www.jove.com/video/1530
=945  \\$aThe Whole World

