=LDR  00874ngm a2200000i 4500
=001  JoVEBiology1610
=008  161201s2016\\\\xx\\\\\g\\\\\\s\\\\\eng\d
=035  \\$a(OCoLC)733445860
=040  \\$aVaAlASP$cVaAlASP
=100  1\$aDesjardins,Philippe
=245  12$aMicrovolume Protein Concentration Determination using the NanoDrop 2000c Spectrophotometer$h[electronic resource]
=260  \\$aCambridge, MA$bMyJoVE Corp$c2016
=300  \\$aonline resource (629 seconds)
=490  0\$aBiology
=500  \\$aTitle from resource description page
=520  \\$aMicrovolume samples are quantified by a spectrophotometer system that uses natural surface tension to retain samples without the use of cuvettes or capillaries.  The dynamic range of protein concentrations and speed by which they can be measured are greatly increased with this method.
=521  \\$aFor undergraduate, graduate, and professional students
=546  \\$aEnglish
=650  \0$aBiology
=856  40$uhttps://www.jove.com/video/1610
=945  \\$aThe Whole World

