=LDR  00752ngm a2200000i 4500
=001  JoVEBiology1542
=008  161201s2016\\\\xx\\\\\g\\\\\\s\\\\\eng\d
=035  \\$a(OCoLC)733445860
=040  \\$aVaAlASP$cVaAlASP
=100  1\$aDi Fiori,Nicolas
=245  12$aAutomated System for Single Molecule Fluorescence Measurements of Surface-immobilized Biomolecules$h[electronic resource]
=260  \\$aCambridge, MA$bMyJoVE Corp$c2016
=300  \\$aonline resource (657 seconds)
=490  0\$aBiology
=500  \\$aTitle from resource description page
=520  \\$aIn this article we describe how we obtain FRET traces from individual DNA molecules immobilized to a surface using an automated scanning confocal microscope. 
=521  \\$aFor undergraduate, graduate, and professional students
=546  \\$aEnglish
=650  \0$aBiology
=856  40$uhttps://www.jove.com/video/1542
=945  \\$aThe Whole World

