=LDR  00923ngm a2200000i 4500
=001  JoVEBiology1523
=008  161201s2016\\\\xx\\\\\g\\\\\\s\\\\\eng\d
=035  \\$a(OCoLC)733445860
=040  \\$aVaAlASP$cVaAlASP
=100  1\$aSchallmoser,Katharina
=245  12$aPreparation of Pooled Human Platelet Lysate (pHPL) as an Efficient Supplement for Animal Serum-Free Human Stem Cell Cultures$h[electronic resource]
=260  \\$aCambridge, MA$bMyJoVE Corp$c2016
=300  \\$aonline resource (512 seconds)
=490  0\$aBiology
=500  \\$aTitle from resource description page
=520  \\$aHuman platelet lysate is a rich source of growth factors and a potent supplement in cell culture. This protocol presents the process of preparing a large pool of human platelet lysate by starting from platelet rich plasma, performing several freeze-thaw cycles and depleting the platelet fragments.
=521  \\$aFor undergraduate, graduate, and professional students
=546  \\$aEnglish
=650  \0$aBiology
=856  40$uhttps://www.jove.com/video/1523
=945  \\$aThe Whole World

