=LDR  00832ngm a2200000i 4500
=001  JoVEBiology1485
=008  161201s2016\\\\xx\\\\\g\\\\\\s\\\\\eng\d
=035  \\$a(OCoLC)733445860
=040  \\$aVaAlASP$cVaAlASP
=100  1\$aSummer,Heike
=245  12$aDenaturing Urea Polyacrylamide Gel Electrophoresis (Urea PAGE)$h[electronic resource]
=260  \\$aCambridge, MA$bMyJoVE Corp$c2016
=300  \\$aonline resource (524 seconds)
=490  0\$aBiology
=500  \\$aTitle from resource description page
=520  \\$aDenaturing urea polyacrylamide gel electrophoresis is used to separate single-stranded DNA or RNA up to a limit of 500 nucleotides. Urea in combination with heat denatures samples and unstructured single strands migrate within the gel matrix according to their molecular weight.
=521  \\$aFor undergraduate, graduate, and professional students
=546  \\$aEnglish
=650  \0$aBiology
=856  40$uhttps://www.jove.com/video/1485
=945  \\$aThe Whole World

