=LDR  00937ngm a2200000i 4500
=001  JoVEBiology1524
=008  161201s2016\\\\xx\\\\\g\\\\\\s\\\\\eng\d
=035  \\$a(OCoLC)733445860
=040  \\$aVaAlASP$cVaAlASP
=100  1\$aHofmann,Nicole A.
=245  12$aIsolation and Large Scale Expansion of Adult Human Endothelial Colony Forming Progenitor Cells$h[electronic resource]
=260  \\$aCambridge, MA$bMyJoVE Corp$c2016
=300  \\$aonline resource (737 seconds)
=490  0\$aBiology
=500  \\$aTitle from resource description page
=520  \\$aEndothelial colony forming progenitor cells (ECFCs) are a promising tool to study vascular homeostasis and repair.1,2 This paper introduces a novel animal-serum free method for isolation and expansion of ECFC from heparinised adult human peripheral blood with pooled human platelet lysate (pHPL) diminishing the risk of anti-bovine immunisation. 
=521  \\$aFor undergraduate, graduate, and professional students
=546  \\$aEnglish
=650  \0$aBiology
=856  40$uhttps://www.jove.com/video/1524
=945  \\$aThe Whole World

