=LDR  00886ngm a2200000i 4500
=001  JoVEBiology1590
=008  161201s2016\\\\xx\\\\\g\\\\\\s\\\\\eng\d
=035  \\$a(OCoLC)733445860
=040  \\$aVaAlASP$cVaAlASP
=100  1\$aKhetan,Sudhir
=245  12$aCellular Encapsulation in 3D Hydrogels for Tissue Engineering $h[electronic resource]
=260  \\$aCambridge, MA$bMyJoVE Corp$c2016
=300  \\$aonline resource (577 seconds)
=490  0\$aBiology
=500  \\$aTitle from resource description page
=520  \\$aWe present protocols for the 3-dimensional (3D) encapsulation of cells within synthetic hydrogels.  The encapsulation procedure is outlined for two commonly used methods of crosslinking (michael-type addition and light-initiated free radical mechanisms), as well as a number of techniques for assessing encapsulated cell behavior. 
=521  \\$aFor undergraduate, graduate, and professional students
=546  \\$aEnglish
=650  \0$aBiology
=856  40$uhttps://www.jove.com/video/1590
=945  \\$aThe Whole World

