=LDR  00799ngm a2200000i 4500
=001  JoVEBiology1588
=008  161201s2016\\\\xx\\\\\g\\\\\\s\\\\\eng\d
=035  \\$a(OCoLC)733445860
=040  \\$aVaAlASP$cVaAlASP
=100  1\$aRomanazzo,Daniela
=245  12$aELIME (Enzyme Linked Immuno Magnetic Electrochemical) Method for Mycotoxin Detection$h[electronic resource]
=260  \\$aCambridge, MA$bMyJoVE Corp$c2016
=300  \\$aonline resource (731 seconds)
=490  0\$aBiology
=500  \\$aTitle from resource description page
=520  \\$aA protocol to detect trichothecenes (mycotoxins of concern for human health) using a newly developed screening method based on a competitive immunochemical method and a final electrochemical detection is demonstrated. 
=521  \\$aFor undergraduate, graduate, and professional students
=546  \\$aEnglish
=650  \0$aBiology
=856  40$uhttps://www.jove.com/video/1588
=945  \\$aThe Whole World

