=LDR  00880ngm a2200000i 4500
=001  JoVEBiology1635
=008  161201s2016\\\\xx\\\\\g\\\\\\s\\\\\eng\d
=035  \\$a(OCoLC)733445860
=040  \\$aVaAlASP$cVaAlASP
=100  1\$aMoreno-Ortiz,Harold
=245  12$aIsolation and Derivation of Mouse Embryonic Germinal Cells$h[electronic resource]
=260  \\$aCambridge, MA$bMyJoVE Corp$c2016
=300  \\$aonline resource (841 seconds)
=490  0\$aBiology
=500  \\$aTitle from resource description page
=520  \\$aThe ability of embryonic germinal cells to differentiate into primordial germinal cells during early development stages is a perfect model to address our hypothesis about cancer and infertility. This protocol shows how to isolate primordial germinal cells from developing gonads in 10.5-11.5 days post coitum mouse embryos.
=521  \\$aFor undergraduate, graduate, and professional students
=546  \\$aEnglish
=650  \0$aBiology
=856  40$uhttps://www.jove.com/video/1635
=945  \\$aThe Whole World

