=LDR  00856ngm a2200000i 4500
=001  JoVEBiology1589
=008  161201s2016\\\\xx\\\\\g\\\\\\s\\\\\eng\d
=035  \\$a(OCoLC)733445860
=040  \\$aVaAlASP$cVaAlASP
=100  1\$aIfkovits,Jamie L.
=245  12$aElectrospinning Fibrous Polymer Scaffolds for Tissue Engineering and Cell Culture$h[electronic resource]
=260  \\$aCambridge, MA$bMyJoVE Corp$c2016
=300  \\$aonline resource (608 seconds)
=490  0\$aBiology
=500  \\$aTitle from resource description page
=520  \\$aThe process of electrospinning polymers for tissue engineering and cell culture is addressed in this article.  Specifically, the electrospinning of photoreactive macromers with additional processing capabilities of photopatterning and multi-polymer electrospinning is described.
=521  \\$aFor undergraduate, graduate, and professional students
=546  \\$aEnglish
=650  \0$aBiology
=856  40$uhttps://www.jove.com/video/1589
=945  \\$aThe Whole World

