=LDR  00652ngm a2200000i 4500
=001  JoVEBiology1592
=008  161201s2016\\\\xx\\\\\g\\\\\\s\\\\\eng\d
=035  \\$a(OCoLC)733445860
=040  \\$aVaAlASP$cVaAlASP
=100  1\$aLee,Donghoon
=245  12$aNoninvasive In Vivo Small Animal MRI and MRS: Basic Experimental Procedures$h[electronic resource]
=260  \\$aCambridge, MA$bMyJoVE Corp$c2016
=300  \\$aonline resource (747 seconds)
=490  0\$aBiology
=500  \\$aTitle from resource description page
=520  \\$aThis work describes basic procedures of noninvasive small animal MRI and MRS in vivo.
=521  \\$aFor undergraduate, graduate, and professional students
=546  \\$aEnglish
=650  \0$aBiology
=856  40$uhttps://www.jove.com/video/1592
=945  \\$aThe Whole World

