=LDR  00802ngm a2200000i 4500
=001  JoVEBiology1520
=008  161201s2016\\\\xx\\\\\g\\\\\\s\\\\\eng\d
=035  \\$a(OCoLC)733445860
=040  \\$aVaAlASP$cVaAlASP
=100  1\$aDiFranco,Marino
=245  12$aDNA Transfection of Mammalian Skeletal Muscles using In Vivo Electroporation$h[electronic resource]
=260  \\$aCambridge, MA$bMyJoVE Corp$c2016
=300  \\$aonline resource (956 seconds)
=490  0\$aBiology
=500  \\$aTitle from resource description page
=520  \\$aWe describe detailed procedures for the efficient transfection of plasmid DNA into the fibers of foot muscles of live mice using electroporation and the subsequent visualization of protein expression using fluorescence microscopy. 
=521  \\$aFor undergraduate, graduate, and professional students
=546  \\$aEnglish
=650  \0$aBiology
=856  40$uhttps://www.jove.com/video/1520
=945  \\$aThe Whole World

