=LDR  00737ngm a2200000i 4500
=001  JoVEBiology1373
=008  161201s2016\\\\xx\\\\\g\\\\\\s\\\\\eng\d
=035  \\$a(OCoLC)733445860
=040  \\$aVaAlASP$cVaAlASP
=100  1\$aLiebig,Tanja M.
=245  12$aGeneration of Human CD40-activated B cells$h[electronic resource]
=260  \\$aCambridge, MA$bMyJoVE Corp$c2016
=300  \\$aonline resource (807 seconds)
=490  0\$aBiology
=500  \\$aTitle from resource description page
=520  \\$aIn this video we present the ex vivo generation and expansion of human CD40-activated B cells (CD40-B) from peripheral blood mononuclear cells (PBMC) by stimulation with CD40 ligand and interleukin-4.
=521  \\$aFor undergraduate, graduate, and professional students
=546  \\$aEnglish
=650  \0$aBiology
=856  40$uhttps://www.jove.com/video/1373
=945  \\$aThe Whole World

