=LDR  00822ngm a2200000i 4500
=001  JoVEBiology1594
=008  161201s2016\\\\xx\\\\\g\\\\\\s\\\\\eng\d
=035  \\$a(OCoLC)733445860
=040  \\$aVaAlASP$cVaAlASP
=100  1\$aBierbower,Sonya M.
=245  12$aMeasures of Heart and Ventilatory Rates in Freely Moving Crayfish$h[electronic resource]
=260  \\$aCambridge, MA$bMyJoVE Corp$c2016
=300  \\$aonline resource (407 seconds)
=490  0\$aBiology
=500  \\$aTitle from resource description page
=520  \\$aInvertebrates show an autonomic  sympathetic-like  response similar to that described for vertebrates.  The coordination of the cardio-vascular and ventilatory systems allows for measurement of a biological index in which to assess an organism internal state.
=521  \\$aFor undergraduate, graduate, and professional students
=546  \\$aEnglish
=650  \0$aBiology
=856  40$uhttps://www.jove.com/video/1594
=945  \\$aThe Whole World

