=LDR  00690ngm a2200000i 4500
=001  JoVEBiology1438
=008  161201s2016\\\\xx\\\\\g\\\\\\s\\\\\eng\d
=035  \\$a(OCoLC)733445860
=040  \\$aVaAlASP$cVaAlASP
=100  1\$aKolk,Mandy V.V.
=245  12$aLAD-Ligation: A Murine Model of Myocardial Infarction$h[electronic resource]
=260  \\$aCambridge, MA$bMyJoVE Corp$c2016
=300  \\$aonline resource (503 seconds)
=490  0\$aBiology
=500  \\$aTitle from resource description page
=520  \\$aThis video demonstrates how to use a fast and reliable model to study pathobiological and pathophysiological processes of myocardial ischemia.
=521  \\$aFor undergraduate, graduate, and professional students
=546  \\$aEnglish
=650  \0$aBiology
=856  40$uhttps://www.jove.com/video/1438
=945  \\$aThe Whole World

