=LDR  00888ngm a2200000i 4500
=001  JoVEBiology1423
=008  161201s2016\\\\xx\\\\\g\\\\\\s\\\\\eng\d
=035  \\$a(OCoLC)733445860
=040  \\$aVaAlASP$cVaAlASP
=100  1\$aAlayari,Nakissa N.
=245  12$aFluorescent Labeling of Drosophila Heart Structures$h[electronic resource]
=260  \\$aCambridge, MA$bMyJoVE Corp$c2016
=300  \\$aonline resource (672 seconds)
=490  0\$aBiology
=500  \\$aTitle from resource description page
=520  \\$aHere we describe a basic protocol for fluorescent labeling of different elements of heart tubes from larva and adult Drosophila melanogaster. These specimens are well-suited for imaging via fluorescent or confocal microscopy. This technique permits detailed structural analysis of the features of the hearts from a powerful model organism.
=521  \\$aFor undergraduate, graduate, and professional students
=546  \\$aEnglish
=650  \0$aBiology
=856  40$uhttps://www.jove.com/video/1423
=945  \\$aThe Whole World

