=LDR  00737ngm a2200000i 4500
=001  JoVEBiology1474
=008  161201s2016\\\\xx\\\\\g\\\\\\s\\\\\eng\d
=035  \\$a(OCoLC)733445860
=040  \\$aVaAlASP$cVaAlASP
=100  1\$aSaleem,Ramsey A.
=245  12$aQuantitative Phosphoproteomics in Fatty Acid Stimulated Saccharomyces cerevisiae$h[electronic resource]
=260  \\$aCambridge, MA$bMyJoVE Corp$c2016
=300  \\$aonline resource (941 seconds)
=490  0\$aBiology
=500  \\$aTitle from resource description page
=520  \\$aDescription of a quantitative phosphorylation procedure using cryolysis, urea solubilziation, HILIC fractionation and IMAC enrichment of phosphorylated peptides.
=521  \\$aFor undergraduate, graduate, and professional students
=546  \\$aEnglish
=650  \0$aBiology
=856  40$uhttps://www.jove.com/video/1474
=945  \\$aThe Whole World

