=LDR  00724ngm a2200000i 4500
=001  JoVEBiology1529
=008  161201s2016\\\\xx\\\\\g\\\\\\s\\\\\eng\d
=035  \\$a(OCoLC)733445860
=040  \\$aVaAlASP$cVaAlASP
=100  1\$aTanner,Nathan A.
=245  12$aVisualizing Single-molecule DNA Replication with Fluorescence Microscopy$h[electronic resource]
=260  \\$aCambridge, MA$bMyJoVE Corp$c2016
=300  \\$aonline resource (957 seconds)
=490  0\$aBiology
=500  \\$aTitle from resource description page
=520  \\$aThis protocol demonstrates a simple single-molecule fluorescence microscopy technique for visualizing DNA replication by individual replisomes in real time.
=521  \\$aFor undergraduate, graduate, and professional students
=546  \\$aEnglish
=650  \0$aBiology
=856  40$uhttps://www.jove.com/video/1529
=945  \\$aThe Whole World

