=LDR  00924ngm a2200000i 4500
=001  JoVEBiology1549
=008  161201s2016\\\\xx\\\\\g\\\\\\s\\\\\eng\d
=035  \\$a(OCoLC)733445860
=040  \\$aVaAlASP$cVaAlASP
=100  1\$aBurbelo,Peter D.
=245  12$aAntibody Profiling by Luciferase Immunoprecipitation Systems (LIPS)$h[electronic resource]
=260  \\$aCambridge, MA$bMyJoVE Corp$c2016
=300  \\$aonline resource (739 seconds)
=490  0\$aBiology
=500  \\$aTitle from resource description page
=520  \\$aThe technical aspects of performing LIPS (Luciferase Immunoprecipitation Systems) are described.  The overall approach involves expressing chimeric genes encoding antigens fused to Renilla luciferase (Ruc) in mammalian cells.  Crude Ruc-antigen extracts are then prepared and, without purification, employed in immunoprecipitation assays to quantify antibodies.
=521  \\$aFor undergraduate, graduate, and professional students
=546  \\$aEnglish
=650  \0$aBiology
=856  40$uhttps://www.jove.com/video/1549
=945  \\$aThe Whole World

