=LDR  00809ngm a2200000i 4500
=001  JoVEBiology1265
=008  161201s2016\\\\xx\\\\\g\\\\\\s\\\\\eng\d
=035  \\$a(OCoLC)733445860
=040  \\$aVaAlASP$cVaAlASP
=100  1\$aMorrison,Bethanie
=245  12$aMouse Mammary Epithelial Cells form Mammospheres During Lactogenic Differentiation$h[electronic resource]
=260  \\$aCambridge, MA$bMyJoVE Corp$c2016
=300  \\$aonline resource (291 seconds)
=490  0\$aBiology
=500  \\$aTitle from resource description page
=520  \\$aHC11 lactogenic differentiation can be characterized by the formation of domed structures referred to as mammospheres. The structures can be enumerated by phase contrast microscopy to aid in quantifying lactogenic differentiation.
=521  \\$aFor undergraduate, graduate, and professional students
=546  \\$aEnglish
=650  \0$aBiology
=856  40$uhttps://www.jove.com/video/1265
=945  \\$aThe Whole World

