=LDR  00710ngm a2200000i 4500
=001  JoVEBiology1499
=008  161201s2016\\\\xx\\\\\g\\\\\\s\\\\\eng\d
=035  \\$a(OCoLC)733445860
=040  \\$aVaAlASP$cVaAlASP
=100  1\$aWang,Xiaoyin
=245  12$aLentivirus Production$h[electronic resource]
=260  \\$aCambridge, MA$bMyJoVE Corp$c2016
=300  \\$aonline resource (702 seconds)
=490  0\$aBiology
=500  \\$aTitle from resource description page
=520  \\$aTo make lentiviruses, DNA vectors are transfected into human 293 cells. After harvest and concentrating the supernatant, virus titer is determined by fluorescence expression with a flow cytometer. 
=521  \\$aFor undergraduate, graduate, and professional students
=546  \\$aEnglish
=650  \0$aBiology
=856  40$uhttps://www.jove.com/video/1499
=945  \\$aThe Whole World

