=LDR  00924ngm a2200000i 4500
=001  JoVEBiology1398
=008  161201s2016\\\\xx\\\\\g\\\\\\s\\\\\eng\d
=035  \\$a(OCoLC)733445860
=040  \\$aVaAlASP$cVaAlASP
=100  1\$aJohansen,Eric
=245  12$aA Lectin HPLC Method to Enrich Selectively-glycosylated Peptides from Complex Biological Samples$h[electronic resource]
=260  \\$aCambridge, MA$bMyJoVE Corp$c2016
=300  \\$aonline resource (1223 seconds)
=490  0\$aBiology
=500  \\$aTitle from resource description page
=520  \\$aLectin-conjugated POROS beads were employed for HPLC. Glycopeptide standards served as positive and negative controls. MARS-14 depleted, trypsin-digested human plasma was chromatographed and flow-through (FT) and bound fractions collected for ESI-LC-MS/MS analyses. Glycopeptides were enriched in the bound fraction as compared to FT.
=521  \\$aFor undergraduate, graduate, and professional students
=546  \\$aEnglish
=650  \0$aBiology
=856  40$uhttps://www.jove.com/video/1398
=945  \\$aThe Whole World

