=LDR  00772ngm a2200000i 4500
=001  JoVEBiology1304
=008  161201s2016\\\\xx\\\\\g\\\\\\s\\\\\eng\d
=035  \\$a(OCoLC)733445860
=040  \\$aVaAlASP$cVaAlASP
=100  1\$aKoito,Hisami
=245  12$aPreparation of Rat Brain Aggregate Cultures for Neuron and Glia Development Studies$h[electronic resource]
=260  \\$aCambridge, MA$bMyJoVE Corp$c2016
=300  \\$aonline resource (723 seconds)
=490  0\$aBiology
=500  \\$aTitle from resource description page
=520  \\$aA protocols for an embryonic rat brain aggregate culture system is described.  Multipotent progenitors in the aggregates can develop and differentiate into neurons, astrocytes and oligodendrocytes.
=521  \\$aFor undergraduate, graduate, and professional students
=546  \\$aEnglish
=650  \0$aBiology
=856  40$uhttps://www.jove.com/video/1304
=945  \\$aThe Whole World

