=LDR  00845ngm a2200000i 4500
=001  JoVEBiology1404
=008  161201s2016\\\\xx\\\\\g\\\\\\s\\\\\eng\d
=035  \\$a(OCoLC)733445860
=040  \\$aVaAlASP$cVaAlASP
=100  1\$aShidham,Vinod B.
=245  12$aPreparation and Using Phantom Lesions to Practice Fine Needle Aspiration Biopsies$h[electronic resource]
=260  \\$aCambridge, MA$bMyJoVE Corp$c2016
=300  \\$aonline resource (566 seconds)
=490  0\$aBiology
=500  \\$aTitle from resource description page
=520  \\$aPracticing of fine needle aspiration biopsies (FNAB) by trainees is relatively challenging, due to the lack of an easily available, appropriate lesion. Preparation of an AV phantom lesion for practicing the FNAB procedure and mastering proficiency is relatively easy. 
=521  \\$aFor undergraduate, graduate, and professional students
=546  \\$aEnglish
=650  \0$aBiology
=856  40$uhttps://www.jove.com/video/1404
=945  \\$aThe Whole World

