=LDR  00684ngm a2200000i 4500
=001  JoVEBiology1425
=008  161201s2016\\\\xx\\\\\g\\\\\\s\\\\\eng\d
=035  \\$a(OCoLC)733445860
=040  \\$aVaAlASP$cVaAlASP
=100  1\$aVogler,Georg
=245  12$a Visualizing the Beating Heart in Drosophila$h[electronic resource]
=260  \\$aCambridge, MA$bMyJoVE Corp$c2016
=300  \\$aonline resource (615 seconds)
=490  0\$aBiology
=500  \\$aTitle from resource description page
=520  \\$aTechnique required for visualizing the beating heart in larval and adult Drosophila are presented. Each life stage requires a different methodology.
=521  \\$aFor undergraduate, graduate, and professional students
=546  \\$aEnglish
=650  \0$aBiology
=856  40$uhttps://www.jove.com/video/1425
=945  \\$aThe Whole World

