=LDR  00756ngm a2200000i 4500
=001  JoVEBiology1294
=008  161201s2016\\\\xx\\\\\g\\\\\\s\\\\\eng\d
=035  \\$a(OCoLC)733445860
=040  \\$aVaAlASP$cVaAlASP
=100  1\$aCarter,Bob S.
=245  12$aMicrosurgical Clip Obliteration of Middle Cerebral Aneurysm Using Intraoperative Flow Assessment$h[electronic resource]
=260  \\$aCambridge, MA$bMyJoVE Corp$c2016
=300  \\$aonline resource (1130 seconds)
=490  0\$aBiology
=500  \\$aTitle from resource description page
=520  \\$aDescription of the surgical obliteration of a cerebral aneurysm utilizing an ultrasonic flow probe to assess arterial flow prior to and after aneurysm clip placement.
=521  \\$aFor undergraduate, graduate, and professional students
=546  \\$aEnglish
=650  \0$aBiology
=856  40$uhttps://www.jove.com/video/1294
=945  \\$aThe Whole World

