=LDR  00870ngm a2200000i 4500
=001  JoVEBiology1333
=008  161201s2016\\\\xx\\\\\g\\\\\\s\\\\\eng\d
=035  \\$a(OCoLC)733445860
=040  \\$aVaAlASP$cVaAlASP
=100  1\$aPetros,Timothy J
=245  12$aIn utero and ex vivo Electroporation for Gene Expression in Mouse Retinal Ganglion Cells$h[electronic resource]
=260  \\$aCambridge, MA$bMyJoVE Corp$c2016
=300  \\$aonline resource (1506 seconds)
=490  0\$aBiology
=500  \\$aTitle from resource description page
=520  \\$aHere we present two techniques for manipulating gene expression in murine retinal ganglion cells (RGCs) by in utero and ex vivo electroporation.  These techniques enable one to examine how alterations in gene expression affect RGC development, axon guidance, and functional properties.
=521  \\$aFor undergraduate, graduate, and professional students
=546  \\$aEnglish
=650  \0$aBiology
=856  40$uhttps://www.jove.com/video/1333
=945  \\$aThe Whole World

