=LDR  00877ngm a2200000i 4500
=001  JoVEBiology1387
=008  161201s2016\\\\xx\\\\\g\\\\\\s\\\\\eng\d
=035  \\$a(OCoLC)733445860
=040  \\$aVaAlASP$cVaAlASP
=100  1\$aTaupp,Marcus
=245  12$aLarge Insert Environmental Genomic Library Production$h[electronic resource]
=260  \\$aCambridge, MA$bMyJoVE Corp$c2016
=300  \\$aonline resource (1259 seconds)
=490  0\$aBiology
=500  \\$aTitle from resource description page
=520  \\$aConstruction of a fosmid library with environmental genomic DNA isolated from the vertical depth continuum of a seasonally hypoxic fjord is described. The resulting clone library is picked into 384-well plates and archived for downstream sequencing and functional screening by the application of an automated colony picking system.
=521  \\$aFor undergraduate, graduate, and professional students
=546  \\$aEnglish
=650  \0$aBiology
=856  40$uhttps://www.jove.com/video/1387
=945  \\$aThe Whole World

