=LDR  00875ngm a2200000i 4500
=001  JoVEBiology1519
=008  161201s2016\\\\xx\\\\\g\\\\\\s\\\\\eng\d
=035  \\$a(OCoLC)733445860
=040  \\$aVaAlASP$cVaAlASP
=100  1\$aZelenka,Peggy S.
=245  12$aPreparation and Culture of Rat Lens Epithelial Explants for Studying Terminal Differentiation$h[electronic resource]
=260  \\$aCambridge, MA$bMyJoVE Corp$c2016
=300  \\$aonline resource (902 seconds)
=490  0\$aBiology
=500  \\$aTitle from resource description page
=520  \\$aExplants of the central region of rat lens epithelia differentiate synchronously when cultured in the presence of FGF-2.  Immunofluorescence microscopy of such cultures can provides novel information about gene expression and signaling events associated with terminal differentiation.

=521  \\$aFor undergraduate, graduate, and professional students
=546  \\$aEnglish
=650  \0$aBiology
=856  40$uhttps://www.jove.com/video/1519
=945  \\$aThe Whole World

