=LDR  00909ngm a2200000i 4500
=001  JoVEBiology1388
=008  161201s2016\\\\xx\\\\\g\\\\\\s\\\\\eng\d
=035  \\$a(OCoLC)733445860
=040  \\$aVaAlASP$cVaAlASP
=100  1\$aYang,Zhong
=245  12$aTracking Dynamics of Muscle Engraftment in Small Animals by In Vivo Fluorescent Imaging$h[electronic resource]
=260  \\$aCambridge, MA$bMyJoVE Corp$c2016
=300  \\$aonline resource (495 seconds)
=490  0\$aBiology
=500  \\$aTitle from resource description page
=520  \\$aWe describe an in vivo fluorescence imaging protocol to monitor muscle regeneration by GFP-labeled myoblasts after transplantation into skeletal muscles of both healthy and dystrophic mice. This protocol can be adapted to study muscle regeneration by transplantation of other types of cells and in other muscular conditions as well.
=521  \\$aFor undergraduate, graduate, and professional students
=546  \\$aEnglish
=650  \0$aBiology
=856  40$uhttps://www.jove.com/video/1388
=945  \\$aThe Whole World

