=LDR  00808ngm a2200000i 4500
=001  JoVEBiology1352
=008  161201s2016\\\\xx\\\\\g\\\\\\s\\\\\eng\d
=035  \\$a(OCoLC)733445860
=040  \\$aVaAlASP$cVaAlASP
=100  1\$aWright,Jody J.
=245  12$aDNA Extraction from 0.22 μM Sterivex Filters and Cesium Chloride Density Gradient Centrifugation$h[electronic resource]
=260  \\$aCambridge, MA$bMyJoVE Corp$c2016
=300  \\$aonline resource (914 seconds)
=490  0\$aBiology
=500  \\$aTitle from resource description page
=520  \\$aWe describe a method for extraction of high molecular weight genomic DNA from planktonic biomass concentrated on 0.22 μm Sterivex filters, followed by cesium chloride density gradient centrifugation for purification.
=521  \\$aFor undergraduate, graduate, and professional students
=546  \\$aEnglish
=650  \0$aBiology
=856  40$uhttps://www.jove.com/video/1352
=945  \\$aThe Whole World

