=LDR  00909ngm a2200000i 4500
=001  JoVEBiology1433
=008  161201s2016\\\\xx\\\\\g\\\\\\s\\\\\eng\d
=035  \\$a(OCoLC)733445860
=040  \\$aVaAlASP$cVaAlASP
=100  1\$aKaestner,Lars
=245  12$aIsolation and Genetic Manipulation of Adult Cardiac Myocytes for Confocal Imaging$h[electronic resource]
=260  \\$aCambridge, MA$bMyJoVE Corp$c2016
=300  \\$aonline resource (735 seconds)
=490  0\$aBiology
=500  \\$aTitle from resource description page
=520  \\$aAdult cardiac myocytes are primary cells that can be isolated from animal hearts and cultured for several days. Within this culture period adenoviral gene transfer can be used to express genetically encoded biosensors (GEBs) or fluorescent fusion proteins. Both approaches allow cellular investigations by means of confocal microscopy.
=521  \\$aFor undergraduate, graduate, and professional students
=546  \\$aEnglish
=650  \0$aBiology
=856  40$uhttps://www.jove.com/video/1433
=945  \\$aThe Whole World

