=LDR  00847ngm a2200000i 4500
=001  JoVEBiology1435
=008  161201s2016\\\\xx\\\\\g\\\\\\s\\\\\eng\d
=035  \\$a(OCoLC)733445860
=040  \\$aVaAlASP$cVaAlASP
=100  1\$aOcorr,Karen
=245  12$aSemi-automated Optical Heartbeat Analysis of Small Hearts$h[electronic resource]
=260  \\$aCambridge, MA$bMyJoVE Corp$c2016
=300  \\$aonline resource (730 seconds)
=490  0\$aBiology
=500  \\$aTitle from resource description page
=520  \\$aWe have developed a Semi-automated Optical Heartbeat Analysis method (SOHA) for analyzing high speed optical recordings from Drosophila, zebrafish and embryonic mouse hearts. We demonstrate the application of our methodology to the analysis of heart function in fruit fly and embryonic mouse hearts.
=521  \\$aFor undergraduate, graduate, and professional students
=546  \\$aEnglish
=650  \0$aBiology
=856  40$uhttps://www.jove.com/video/1435
=945  \\$aThe Whole World

