=LDR  00739ngm a2200000i 4500
=001  JoVEBiology1382
=008  161201s2016\\\\xx\\\\\g\\\\\\s\\\\\eng\d
=035  \\$a(OCoLC)733445860
=040  \\$aVaAlASP$cVaAlASP
=100  1\$aBrust-Mascher,Ingrid
=245  12$aMicroinjection Techniques for Studying Mitosis in the Drosophila melanogaster Syncytial Embryo$h[electronic resource]
=260  \\$aCambridge, MA$bMyJoVE Corp$c2016
=300  \\$aonline resource (565 seconds)
=490  0\$aBiology
=500  \\$aTitle from resource description page
=520  \\$aThis protocol describes the use of microinjection and high resolution imaging in the Drosophila melanogaster syncytial embryo to study mitosis.  
=521  \\$aFor undergraduate, graduate, and professional students
=546  \\$aEnglish
=650  \0$aBiology
=856  40$uhttps://www.jove.com/video/1382
=945  \\$aThe Whole World

