=LDR  00870ngm a2200000i 4500
=001  JoVEBiology1346
=008  161201s2016\\\\xx\\\\\g\\\\\\s\\\\\eng\d
=035  \\$a(OCoLC)733445860
=040  \\$aVaAlASP$cVaAlASP
=100  1\$aDeuse,Tobias
=245  12$aImaging In-Stent Restenosis: An Inexpensive, Reliable, and Rapid Preclinical Model$h[electronic resource]
=260  \\$aCambridge, MA$bMyJoVE Corp$c2016
=300  \\$aonline resource (586 seconds)
=490  0\$aBiology
=500  \\$aTitle from resource description page
=520  \\$aThis video demonstrates how to use a preclinical inexpensive and reliable model to study pathobiological and pathophysiological processes of in-stent restenosis development. Longitudinal in vivo monitoring using OCT (Optical Coherence Tomography) and analysis of OCT images are also demonstrated.
=521  \\$aFor undergraduate, graduate, and professional students
=546  \\$aEnglish
=650  \0$aBiology
=856  40$uhttps://www.jove.com/video/1346
=945  \\$aThe Whole World

