=LDR  00909ngm a2200000i 4500
=001  JoVEBiology1422
=008  161201s2016\\\\xx\\\\\g\\\\\\s\\\\\eng\d
=035  \\$a(OCoLC)733445860
=040  \\$aVaAlASP$cVaAlASP
=100  1\$aDeschene,Elizabeth R.
=245  12$aTissue Targeted Embryonic Chimeras: Zebrafish Gastrula Cell Transplantation$h[electronic resource]
=260  \\$aCambridge, MA$bMyJoVE Corp$c2016
=300  \\$aonline resource (1137 seconds)
=490  0\$aBiology
=500  \\$aTitle from resource description page
=520  \\$aZebrafish cell transplantation enables the combination of genetics and embryology to generate tissue specific chimeras.  This video demonstrates gastrula staged cell transplantations that have allowed our lab to investigate the roles of astroglial populations and specific guidance cues during commissure formation in the forebrain.
=521  \\$aFor undergraduate, graduate, and professional students
=546  \\$aEnglish
=650  \0$aBiology
=856  40$uhttps://www.jove.com/video/1422
=945  \\$aThe Whole World

