=LDR  00853ngm a2200000i 4500
=001  JoVEBiology1399
=008  161201s2016\\\\xx\\\\\g\\\\\\s\\\\\eng\d
=035  \\$a(OCoLC)733445860
=040  \\$aVaAlASP$cVaAlASP
=100  1\$aPark,Jaewon
=245  12$aA Multi-compartment CNS Neuron-glia Co-culture Microfluidic Platform$h[electronic resource]
=260  \\$aCambridge, MA$bMyJoVE Corp$c2016
=300  \\$aonline resource (804 seconds)
=490  0\$aBiology
=500  \\$aTitle from resource description page
=520  \\$aWe developed a novel multi-compartment neuron co-culture microsystem platform for in vitro CNS axon-glia interaction research. The platform is capable of conducting up to six independent experiments in parallel and was fabricated using a newly developed macro/micro hybrid fabrication method.  
=521  \\$aFor undergraduate, graduate, and professional students
=546  \\$aEnglish
=650  \0$aBiology
=856  40$uhttps://www.jove.com/video/1399
=945  \\$aThe Whole World

