=LDR  00773ngm a2200000i 4500
=001  JoVEBiology1508
=008  161201s2016\\\\xx\\\\\g\\\\\\s\\\\\eng\d
=035  \\$a(OCoLC)733445860
=040  \\$aVaAlASP$cVaAlASP
=100  1\$aDobbie,Ian M.
=245  12$aVisualizing Single Molecular Complexes In Vivo Using Advanced Fluorescence Microscopy$h[electronic resource]
=260  \\$aCambridge, MA$bMyJoVE Corp$c2016
=300  \\$aonline resource (686 seconds)
=490  0\$aBiology
=500  \\$aTitle from resource description page
=520  \\$aHere we demonstrate the protocols for performing single-molecule fluorescence microscopy on living bacterial cells to enable functional molecular complexes to be detected, tracked and quantified.
=521  \\$aFor undergraduate, graduate, and professional students
=546  \\$aEnglish
=650  \0$aBiology
=856  40$uhttps://www.jove.com/video/1508
=945  \\$aThe Whole World

