=LDR  00881ngm a2200000i 4500
=001  JoVEBiology1484
=008  161201s2016\\\\xx\\\\\g\\\\\\s\\\\\eng\d
=035  \\$a(OCoLC)733445860
=040  \\$aVaAlASP$cVaAlASP
=100  1\$aFloyd,Daniel L.
=245  12$aMethod for Measurement of Viral Fusion Kinetics at the Single Particle Level$h[electronic resource]
=260  \\$aCambridge, MA$bMyJoVE Corp$c2016
=300  \\$aonline resource (899 seconds)
=490  0\$aBiology
=500  \\$aTitle from resource description page
=520  \\$aWe present an in vitro, two-color fluorescence assay to visualize the fusion of single virus particles with a fluid target bilayer. By labeling viral particles with fluorophores that differentially stain the viral membrane and its interior, we are able to monitor the kinetics of hemifusion and pore formation.
=521  \\$aFor undergraduate, graduate, and professional students
=546  \\$aEnglish
=650  \0$aBiology
=856  40$uhttps://www.jove.com/video/1484
=945  \\$aThe Whole World

