=LDR  00846ngm a2200000i 4500
=001  JoVEBiology1512
=008  161201s2016\\\\xx\\\\\g\\\\\\s\\\\\eng\d
=035  \\$a(OCoLC)733445860
=040  \\$aVaAlASP$cVaAlASP
=100  1\$aCampos,Priscila B.
=245  12$aChromosomal Spread Preparation of Human Embryonic Stem Cells for Karyotyping$h[electronic resource]
=260  \\$aCambridge, MA$bMyJoVE Corp$c2016
=300  \\$aonline resource (642 seconds)
=490  0\$aBiology
=500  \\$aTitle from resource description page
=520  \\$aKaryotyping is a simple and useful technique widely used for detecting genetic alterations. Here we describe a step by step protocol for chromosome spread preparation of human embryonic stem cells for monitoring the chromosomal status of these cells maintained in culture.
=521  \\$aFor undergraduate, graduate, and professional students
=546  \\$aEnglish
=650  \0$aBiology
=856  40$uhttps://www.jove.com/video/1512
=945  \\$aThe Whole World

