=LDR  00869ngm a2200000i 4500
=001  JoVEBiology1573
=008  161201s2016\\\\xx\\\\\g\\\\\\s\\\\\eng\d
=035  \\$a(OCoLC)733445860
=040  \\$aVaAlASP$cVaAlASP
=100  1\$aBriggs,Adrian W.
=245  12$aPrimer Extension Capture: Targeted Sequence Retrieval from Heavily Degraded DNA Sources$h[electronic resource]
=260  \\$aCambridge, MA$bMyJoVE Corp$c2016
=300  \\$aonline resource (928 seconds)
=490  0\$aBiology
=500  \\$aTitle from resource description page
=520  \\$aWe present a method of targeted ancient DNA sequence retrieval, which we used to reconstruct the complete mitochondrial genomes of five Neandertal individuals. Comparison of these sequences with present day humans suggests that Neandertals had a long term low effective population size.
=521  \\$aFor undergraduate, graduate, and professional students
=546  \\$aEnglish
=650  \0$aBiology
=856  40$uhttps://www.jove.com/video/1573
=945  \\$aThe Whole World

