=LDR  00906ngm a2200000i 4500
=001  JoVEBiology1329
=008  161201s2016\\\\xx\\\\\g\\\\\\s\\\\\eng\d
=035  \\$a(OCoLC)733445860
=040  \\$aVaAlASP$cVaAlASP
=100  1\$aResto,Pedro J.
=245  12$aHigh Speed Droplet-based Delivery System for Passive Pumping in Microfluidic Devices$h[electronic resource]
=260  \\$aCambridge, MA$bMyJoVE Corp$c2016
=300  \\$aonline resource (622 seconds)
=490  0\$aBiology
=500  \\$aTitle from resource description page
=520  \\$aA novel microfluidic system has been developed using the phenomenon of passive pumping and a user controlled fluid delivery system. This microfluidic system has the potential to be used in a wide variety of biological applications given its low cost, ease of use, volumetric precision, high speed, repeatability and automation. 
=521  \\$aFor undergraduate, graduate, and professional students
=546  \\$aEnglish
=650  \0$aBiology
=856  40$uhttps://www.jove.com/video/1329
=945  \\$aThe Whole World

