=LDR  00811ngm a2200000i 4500
=001  JoVEBiology1405
=008  161201s2016\\\\xx\\\\\g\\\\\\s\\\\\eng\d
=035  \\$a(OCoLC)733445860
=040  \\$aVaAlASP$cVaAlASP
=100  1\$aSarrate,Zaida
=245  12$aFluorescence in situ hybridization (FISH) Protocol in Human Sperm$h[electronic resource]
=260  \\$aCambridge, MA$bMyJoVE Corp$c2016
=300  \\$aonline resource (979 seconds)
=490  0\$aBiology
=500  \\$aTitle from resource description page
=520  \\$aThis video-article describes, step by step, how to process a semen sample to achieve good-quality fluorescence in situ hybridization on human spermatozoa. Preparations obtained can be used for aneuploidy screening in the context of clinical diagnosis.

=521  \\$aFor undergraduate, graduate, and professional students
=546  \\$aEnglish
=650  \0$aBiology
=856  40$uhttps://www.jove.com/video/1405
=945  \\$aThe Whole World

