=LDR  00648ngm a2200000i 4500
=001  JoVEBiology1562
=008  161201s2016\\\\xx\\\\\g\\\\\\s\\\\\eng\d
=035  \\$a(OCoLC)733445860
=040  \\$aVaAlASP$cVaAlASP
=100  1\$aZhang,Hui
=245  12$aDopamine Release at Individual Presynaptic Terminals Visualized with FFNs$h[electronic resource]
=260  \\$aCambridge, MA$bMyJoVE Corp$c2016
=300  \\$aonline resource (577 seconds)
=490  0\$aBiology
=500  \\$aTitle from resource description page
=520  \\$aA new means to measure neurotransmission optically using fluorescent dopamine analogs.
=521  \\$aFor undergraduate, graduate, and professional students
=546  \\$aEnglish
=650  \0$aBiology
=856  40$uhttps://www.jove.com/video/1562
=945  \\$aThe Whole World

