=LDR  00854ngm a2200000i 4500
=001  JoVEBiology1385
=008  161201s2016\\\\xx\\\\\g\\\\\\s\\\\\eng\d
=035  \\$a(OCoLC)733445860
=040  \\$aVaAlASP$cVaAlASP
=100  1\$aKwong,Kenneth K.
=245  12$aBioluminescence Imaging of Heme Oxygenase-1 Upregulation in the Gua Sha Procedure$h[electronic resource]
=260  \\$aCambridge, MA$bMyJoVE Corp$c2016
=300  \\$aonline resource (399 seconds)
=490  0\$aBiology
=500  \\$aTitle from resource description page
=520  \\$aGua Sha, traditional Chinese therapeutic skin scraping, causes subcutaneous microvascular blood extravasation. We report a protocol of bioluminescence imaging of HO-1-luciferase transgenic mice to demonstrate that Gua Sha upregulates heme oxygenase-1 (HO-1) in multiple organs.
=521  \\$aFor undergraduate, graduate, and professional students
=546  \\$aEnglish
=650  \0$aBiology
=856  40$uhttps://www.jove.com/video/1385
=945  \\$aThe Whole World

