=LDR  00927ngm a2200000i 4500
=001  JoVEBiology1509
=008  161201s2016\\\\xx\\\\\g\\\\\\s\\\\\eng\d
=035  \\$a(OCoLC)733445860
=040  \\$aVaAlASP$cVaAlASP
=100  1\$aChia,Thomas H.
=245  12$aIn vivo Imaging of Deep Cortical Layers using a Microprism$h[electronic resource]
=260  \\$aCambridge, MA$bMyJoVE Corp$c2016
=300  \\$aonline resource (585 seconds)
=490  0\$aBiology
=500  \\$aTitle from resource description page
=520  \\$aRight-angle microprisms inserted into the mouse neocortex allows for deep imaging of multiple cortical layers with a viewpoint typically found in slice.  One-millimeter microprisms offer a wide field-of-view (~900 μm) and spatial resolutions sufficient to resolve dendritic spines.  We demonstrate layer V neuronal imaging and neocortical vascular imaging using microprisms.
=521  \\$aFor undergraduate, graduate, and professional students
=546  \\$aEnglish
=650  \0$aBiology
=856  40$uhttps://www.jove.com/video/1509
=945  \\$aThe Whole World

