=LDR  00868ngm a2200000i 4500
=001  JoVEBiology1432
=008  161201s2016\\\\xx\\\\\g\\\\\\s\\\\\eng\d
=035  \\$a(OCoLC)733445860
=040  \\$aVaAlASP$cVaAlASP
=100  1\$aHo,Yi-Ping
=245  12$aCombining QD-FRET and Microfluidics to Monitor DNA Nanocomplex Self-Assembly in Real-Time$h[electronic resource]
=260  \\$aCambridge, MA$bMyJoVE Corp$c2016
=300  \\$aonline resource (876 seconds)
=490  0\$aBiology
=500  \\$aTitle from resource description page
=520  \\$aWe present a novel and powerful integration of nanophotonics (QD-FRET) and microfluidics to investigate the formation of polyelectrolyte polyplexes, which is expected to provide better control and synthesis of uniform and customizable polyplexes for future nucleic acid-based therapeutics.
=521  \\$aFor undergraduate, graduate, and professional students
=546  \\$aEnglish
=650  \0$aBiology
=856  40$uhttps://www.jove.com/video/1432
=945  \\$aThe Whole World

