=LDR  00889ngm a2200000i 4500
=001  JoVEBiology1390
=008  161201s2016\\\\xx\\\\\g\\\\\\s\\\\\eng\d
=035  \\$a(OCoLC)733445860
=040  \\$aVaAlASP$cVaAlASP
=100  1\$aNoel,John
=245  12$aAntifouling Self-assembled Monolayers on Microelectrodes for Patterning Biomolecules$h[electronic resource]
=260  \\$aCambridge, MA$bMyJoVE Corp$c2016
=300  \\$aonline resource (627 seconds)
=490  0\$aBiology
=500  \\$aTitle from resource description page
=520  \\$aWe present a procedure for forming a poly(ethylene glycol) self-assembled monolayer (PEG-SAM) on a silicon substrate with gold microelectrodes. The PEG-SAM is formed in a single step and prevents biofouling on silicon and gold surfaces. Electrophoresis is then used for patterning biomolecules down to the nanoscale.
=521  \\$aFor undergraduate, graduate, and professional students
=546  \\$aEnglish
=650  \0$aBiology
=856  40$uhttps://www.jove.com/video/1390
=945  \\$aThe Whole World

