=LDR  00864ngm a2200000i 4500
=001  JoVEBiology1417
=008  161201s2016\\\\xx\\\\\g\\\\\\s\\\\\eng\d
=035  \\$a(OCoLC)733445860
=040  \\$aVaAlASP$cVaAlASP
=100  1\$aGregg,Christopher
=245  12$aPurification of Mitochondria from Yeast Cells$h[electronic resource]
=260  \\$aCambridge, MA$bMyJoVE Corp$c2016
=300  \\$aonline resource (639 seconds)
=490  0\$aBiology
=500  \\$aTitle from resource description page
=520  \\$aWe describe a rapid and effective method for purification of mitochondria from the yeast Saccharomyces cerevisiae. This method enables the high-yield isolation of pure mitochondria that are essentially free of contamination by other organelles and retain their structural and functional integrity after their purification.
=521  \\$aFor undergraduate, graduate, and professional students
=546  \\$aEnglish
=650  \0$aBiology
=856  40$uhttps://www.jove.com/video/1417
=945  \\$aThe Whole World

