=LDR  00935ngm a2200000i 4500
=001  JoVEBiology1513
=008  161201s2016\\\\xx\\\\\g\\\\\\s\\\\\eng\d
=035  \\$a(OCoLC)733445860
=040  \\$aVaAlASP$cVaAlASP
=100  1\$aBourque,Simon D.
=245  12$aA Quantitative Assessment of The Yeast Lipidome using Electrospray Ionization Mass Spectrometry$h[electronic resource]
=260  \\$aCambridge, MA$bMyJoVE Corp$c2016
=300  \\$aonline resource (523 seconds)
=490  0\$aBiology
=500  \\$aTitle from resource description page
=520  \\$aWe describe a new quantitative lipidomics method for identifying numerous lipid species in yeast using survey-scan electrospray ionization mass spectrometry (ESI/MS).  This method exceeds currently available methods for lipid identification and quantification in the ability to resolve various molecular forms of lipids, sensitivity, and speed.
=521  \\$aFor undergraduate, graduate, and professional students
=546  \\$aEnglish
=650  \0$aBiology
=856  40$uhttps://www.jove.com/video/1513
=945  \\$aThe Whole World

