=LDR  00930ngm a2200000i 4500
=001  JoVEBiology1510
=008  161201s2016\\\\xx\\\\\g\\\\\\s\\\\\eng\d
=035  \\$a(OCoLC)733445860
=040  \\$aVaAlASP$cVaAlASP
=100  1\$aVinegoni,Claudio
=245  12$aMesoscopic Fluorescence Tomography for In-vivo Imaging of Developing Drosophila$h[electronic resource]
=260  \\$aCambridge, MA$bMyJoVE Corp$c2016
=300  \\$aonline resource (711 seconds)
=490  0\$aBiology
=500  \\$aTitle from resource description page
=520  \\$aMesoscopic  fluorescence tomography operates beyond the penetration limits of  tissue-sectioning fluorescence microscopy. The technique is based on  multi-projection illumination and a photon transport description. We  demonstrate in-vivo whole-body 3D visualization of the morphogenesis of  GFP-expressing wing imaginal discs in Drosophila  melanogaster.
=521  \\$aFor undergraduate, graduate, and professional students
=546  \\$aEnglish
=650  \0$aBiology
=856  40$uhttps://www.jove.com/video/1510
=945  \\$aThe Whole World

