=LDR  00832ngm a2200000i 4500
=001  JoVEBiology1293
=008  161201s2016\\\\xx\\\\\g\\\\\\s\\\\\eng\d
=035  \\$a(OCoLC)733445860
=040  \\$aVaAlASP$cVaAlASP
=100  1\$aChoo,Yeun Su
=245  12$aDetection of Protein Ubiquitination$h[electronic resource]
=260  \\$aCambridge, MA$bMyJoVE Corp$c2016
=300  \\$aonline resource (540 seconds)
=490  0\$aBiology
=500  \\$aTitle from resource description page
=520  \\$aUbiquitination is a key posttranslational modification carried out by a set of three enzymes. Mutations of genes involved in this modification are associated with many different human diseases. Here, we describe protocols to detect protein ubiquitination in cultured cells in vivo and test tubes in vitro.
=521  \\$aFor undergraduate, graduate, and professional students
=546  \\$aEnglish
=650  \0$aBiology
=856  40$uhttps://www.jove.com/video/1293
=945  \\$aThe Whole World

