=LDR  00861ngm a2200000i 4500
=001  JoVEBiology1353
=008  161201s2016\\\\xx\\\\\g\\\\\\s\\\\\eng\d
=035  \\$a(OCoLC)733445860
=040  \\$aVaAlASP$cVaAlASP
=100  1\$aHaehnel,Melanie
=245  12$aIn vivo Ca2+- Imaging of Mushroom Body Neurons During Olfactory Learning in the Honey Bee$h[electronic resource]
=260  \\$aCambridge, MA$bMyJoVE Corp$c2016
=300  \\$aonline resource (627 seconds)
=490  0\$aBiology
=500  \\$aTitle from resource description page
=520  \\$aBees can be conditioned in an appetitive olfactory learning paradigm (PER-conditioning). Using odors as stimuli, we established a method in which behavior is recorded while simultaneously Calcium Imaging is used to measure odor evoked activity in mushroom body neurons in vivo.
=521  \\$aFor undergraduate, graduate, and professional students
=546  \\$aEnglish
=650  \0$aBiology
=856  40$uhttps://www.jove.com/video/1353
=945  \\$aThe Whole World

