=LDR  00892ngm a2200000i 4500
=001  JoVEBiology1149
=008  161201s2016\\\\xx\\\\\g\\\\\\s\\\\\eng\d
=035  \\$a(OCoLC)733445860
=040  \\$aVaAlASP$cVaAlASP
=100  1\$aZhai,Zhiyang
=245  12$aIsolation of Protoplasts from Tissues of 14-day-old Seedlings of Arabidopsis thaliana$h[electronic resource]
=260  \\$aCambridge, MA$bMyJoVE Corp$c2016
=300  \\$aonline resource (676 seconds)
=490  0\$aBiology
=500  \\$aTitle from resource description page
=520  \\$aThis video shows a procedure for isolating intact protoplasts from tissues of 14-day-old seedlings of Arabidopsis. Given that the isolated protoplasts remain intact for at least 96h and are isolated from seedlings instead of one-month-old mature plants, this procedure expedites assays requiring intact protoplasts.
=521  \\$aFor undergraduate, graduate, and professional students
=546  \\$aEnglish
=650  \0$aBiology
=856  40$uhttps://www.jove.com/video/1149
=945  \\$aThe Whole World

