=LDR  00798ngm a2200000i 4500
=001  JoVEBiology1350
=008  161201s2016\\\\xx\\\\\g\\\\\\s\\\\\eng\d
=035  \\$a(OCoLC)733445860
=040  \\$aVaAlASP$cVaAlASP
=100  1\$aLawrence,Ann-Marie
=245  12$aStaining of Proteins in Gels with Coomassie G-250 without Organic Solvent and Acetic Acid$h[electronic resource]
=260  \\$aCambridge, MA$bMyJoVE Corp$c2016
=300  \\$aonline resource (467 seconds)
=490  0\$aBiology
=500  \\$aTitle from resource description page
=520  \\$aA short protocol for protein staining with Coomassie Brilliant Blue (CBB) G-250 in polyacrylamide gels is described without using organic solvents or acetic acid as in the classical staining procedures with CBB.
=521  \\$aFor undergraduate, graduate, and professional students
=546  \\$aEnglish
=650  \0$aBiology
=856  40$uhttps://www.jove.com/video/1350
=945  \\$aThe Whole World

