=LDR  00924ngm a2200000i 4500
=001  JoVEBiology1561
=008  161201s2016\\\\xx\\\\\g\\\\\\s\\\\\eng\d
=035  \\$a(OCoLC)733445860
=040  \\$aVaAlASP$cVaAlASP
=100  1\$aLi,Qingsheng
=245  12$aA Technique to Simultaneously Visualize Virus-Specific CD8+ T Cells and Virus-Infected Cells In situ$h[electronic resource]
=260  \\$aCambridge, MA$bMyJoVE Corp$c2016
=300  \\$aonline resource (1247 seconds)
=490  0\$aBiology
=500  \\$aTitle from resource description page
=520  \\$aA technique combining in situ tetramer staining and in situ hybridization (ISTH) enables visualization, mapping and analysis of the spatial proximity of virus-specific CD8+ T cells to their virus-infected targets, and determination of the quantitative relationships between these immune effectors and targets to infection outcomes.
=521  \\$aFor undergraduate, graduate, and professional students
=546  \\$aEnglish
=650  \0$aBiology
=856  40$uhttps://www.jove.com/video/1561
=945  \\$aThe Whole World

