=LDR  00929ngm a2200000i 4500
=001  JoVEBiology1274
=008  161201s2016\\\\xx\\\\\g\\\\\\s\\\\\eng\d
=035  \\$a(OCoLC)733445860
=040  \\$aVaAlASP$cVaAlASP
=100  1\$aJiang,Xingshan
=245  12$aMating and Tetrad Separation of Chlamydomonas reinhardtii for Genetic Analysis$h[electronic resource]
=260  \\$aCambridge, MA$bMyJoVE Corp$c2016
=300  \\$aonline resource (604 seconds)
=490  0\$aBiology
=500  \\$aTitle from resource description page
=520  \\$aMating and tetrad separation are required for genetic analysis in Chlamydomonas reinhardtii. Here we demonstrate standard methods for gametogenesis, mating, zygote germination and tetrad dissection. This protocol consists of an easy-to-follow series of steps that will make genetic approaches amenable to scientists who are less familiar with Chlamydomonas.
=521  \\$aFor undergraduate, graduate, and professional students
=546  \\$aEnglish
=650  \0$aBiology
=856  40$uhttps://www.jove.com/video/1274
=945  \\$aThe Whole World

