=LDR  00749ngm a2200000i 4500
=001  JoVEBiology1138
=008  161201s2016\\\\xx\\\\\g\\\\\\s\\\\\eng\d
=035  \\$a(OCoLC)733445860
=040  \\$aVaAlASP$cVaAlASP
=100  1\$aSill,Bjoern
=245  12$aOptical Mapping of Langendorff-perfused Rat Hearts$h[electronic resource]
=260  \\$aCambridge, MA$bMyJoVE Corp$c2016
=300  \\$aonline resource (708 seconds)
=490  0\$aBiology
=500  \\$aTitle from resource description page
=520  \\$aThis article describes a high temporal and spatial resolution technique to optically image action potential movement on the surface of Langendorff-perfused rat hearts using a potentiometric dye (di-8-ANEPPS).
=521  \\$aFor undergraduate, graduate, and professional students
=546  \\$aEnglish
=650  \0$aBiology
=856  40$uhttps://www.jove.com/video/1138
=945  \\$aThe Whole World

