=LDR  00939ngm a2200000i 4500
=001  JoVEBiology1471
=008  161201s2016\\\\xx\\\\\g\\\\\\s\\\\\eng\d
=035  \\$a(OCoLC)733445860
=040  \\$aVaAlASP$cVaAlASP
=100  1\$aPeterson,Samuel M.
=245  12$aGlobal Gene Expression Analysis Using a Zebrafish Oligonucleotide Microarray Platform$h[electronic resource]
=260  \\$aCambridge, MA$bMyJoVE Corp$c2016
=300  \\$aonline resource (794 seconds)
=490  0\$aBiology
=500  \\$aTitle from resource description page
=520  \\$aGene microarrays are powerful tools in gene expression profiling at a genome-wide level. This technology has application in a variety of biological disciplines including developmental biology and toxicology. In this video, we detail a protocol for global gene expression analysis using a comprehensive oligonucleotide microarray platform for the zebrafish.
=521  \\$aFor undergraduate, graduate, and professional students
=546  \\$aEnglish
=650  \0$aBiology
=856  40$uhttps://www.jove.com/video/1471
=945  \\$aThe Whole World

