=LDR  00870ngm a2200000i 4500
=001  JoVEBiology1470
=008  161201s2016\\\\xx\\\\\g\\\\\\s\\\\\eng\d
=035  \\$a(OCoLC)733445860
=040  \\$aVaAlASP$cVaAlASP
=100  1\$aPeterson,Samuel M.
=245  12$aRNA Isolation from Embryonic Zebrafish and cDNA Synthesis for Gene Expression Analysis$h[electronic resource]
=260  \\$aCambridge, MA$bMyJoVE Corp$c2016
=300  \\$aonline resource (921 seconds)
=490  0\$aBiology
=500  \\$aTitle from resource description page
=520  \\$aThe isolation of high quality, intact RNA is an essential step in many laboratory protocols.  Here, we demonstrate RNA extraction from whole zebrafish embryos and cDNA synthesis for subsequent application in various experimental procedures including gene expression microarray analysis.
=521  \\$aFor undergraduate, graduate, and professional students
=546  \\$aEnglish
=650  \0$aBiology
=856  40$uhttps://www.jove.com/video/1470
=945  \\$aThe Whole World

