=LDR  00918ngm a2200000i 4500
=001  JoVEBiology1444
=008  161201s2016\\\\xx\\\\\g\\\\\\s\\\\\eng\d
=035  \\$a(OCoLC)733445860
=040  \\$aVaAlASP$cVaAlASP
=100  1\$aPietersen,Charmaine Y.
=245  12$aObtaining High Quality RNA from Single Cell Populations in Human Postmortem Brain Tissue$h[electronic resource]
=260  \\$aCambridge, MA$bMyJoVE Corp$c2016
=300  \\$aonline resource (1097 seconds)
=490  0\$aBiology
=500  \\$aTitle from resource description page
=520  \\$aWe describe a process using laser-capture microdissection to isolate and extract RNA from a homogeneous cell population, pyramidal neurons, in layer III of the superior temporal gyrus in postmortem human brains. We subsequently linearly amplify (T7-based) mRNA, and hybridize the sample to the Affymetrix human X3P microarray. 
=521  \\$aFor undergraduate, graduate, and professional students
=546  \\$aEnglish
=650  \0$aBiology
=856  40$uhttps://www.jove.com/video/1444
=945  \\$aThe Whole World

