=LDR  00682ngm a2200000i 4500
=001  JoVEBiology1325
=008  161201s2016\\\\xx\\\\\g\\\\\\s\\\\\eng\d
=035  \\$a(OCoLC)733445860
=040  \\$aVaAlASP$cVaAlASP
=100  1\$aLim,James
=245  12$aLive Cell Imaging of F-actin Dynamics via Fluorescent Speckle Microscopy (FSM)$h[electronic resource]
=260  \\$aCambridge, MA$bMyJoVE Corp$c2016
=300  \\$aonline resource (1156 seconds)
=490  0\$aBiology
=500  \\$aTitle from resource description page
=520  \\$aSelection, microinjection, and imaging of fluorescently-labeled F-actin via fluorescent speckle microscopy (FSM). 
=521  \\$aFor undergraduate, graduate, and professional students
=546  \\$aEnglish
=650  \0$aBiology
=856  40$uhttps://www.jove.com/video/1325
=945  \\$aThe Whole World

