=LDR  00876ngm a2200000i 4500
=001  JoVEBiology1514
=008  161201s2016\\\\xx\\\\\g\\\\\\s\\\\\eng\d
=035  \\$a(OCoLC)733445860
=040  \\$aVaAlASP$cVaAlASP
=100  1\$aCupp-Enyard,Carrie
=245  12$aUse of the Protease Fluorescent Detection Kit to Determine Protease Activity$h[electronic resource]
=260  \\$aCambridge, MA$bMyJoVE Corp$c2016
=300  \\$aonline resource (540 seconds)
=490  0\$aBiology
=500  \\$aTitle from resource description page
=520  \\$aThe Protease Fluorescent Detection Kit is designed for the measurement of protease activity using fluorometry. It is also suitable for detection of trace amounts of protease contamination. The method is based on the proteolytic hydroysis of a proprietary formulation of a FITC-labeled casein substrate.
=521  \\$aFor undergraduate, graduate, and professional students
=546  \\$aEnglish
=650  \0$aBiology
=856  40$uhttps://www.jove.com/video/1514
=945  \\$aThe Whole World

