=LDR  00880ngm a2200000i 4500
=001  JoVEBiology1431
=008  161201s2016\\\\xx\\\\\g\\\\\\s\\\\\eng\d
=035  \\$a(OCoLC)733445860
=040  \\$aVaAlASP$cVaAlASP
=100  1\$aDyballa,Nadine
=245  12$aFast and Sensitive Colloidal Coomassie G-250 Staining for Proteins in Polyacrylamide Gels$h[electronic resource]
=260  \\$aCambridge, MA$bMyJoVE Corp$c2016
=300  \\$aonline resource (657 seconds)
=490  0\$aBiology
=500  \\$aTitle from resource description page
=520  \\$aThis video shall popularize a colloidal Coomassie G-250 staining protocol according to Kang et al.  for the detection of average 4 ng protein in gels. The staining is completed within 2 hours and without any effort. We routinely use Kang's protocol for analytical purposes in gel-based proteomics.
=521  \\$aFor undergraduate, graduate, and professional students
=546  \\$aEnglish
=650  \0$aBiology
=856  40$uhttps://www.jove.com/video/1431
=945  \\$aThe Whole World

