=LDR  00732ngm a2200000i 4500
=001  JoVEBiology1443
=008  161201s2016\\\\xx\\\\\g\\\\\\s\\\\\eng\d
=035  \\$a(OCoLC)733445860
=040  \\$aVaAlASP$cVaAlASP
=100  1\$aKhazan,Inna
=245  12$aPsychophysiological Stress Assessment Using Biofeedback $h[electronic resource]
=260  \\$aCambridge, MA$bMyJoVE Corp$c2016
=300  \\$aonline resource (616 seconds)
=490  0\$aBiology
=500  \\$aTitle from resource description page
=520  \\$aIn this video we will describe one method of assessing person's psychophysiological reaction to stress using biofeedback. We will also present general guidelines for treatment planning.
=521  \\$aFor undergraduate, graduate, and professional students
=546  \\$aEnglish
=650  \0$aBiology
=856  40$uhttps://www.jove.com/video/1443
=945  \\$aThe Whole World

