=LDR  00902ngm a2200000i 4500
=001  JoVEBiology1309
=008  161201s2016\\\\xx\\\\\g\\\\\\s\\\\\eng\d
=035  \\$a(OCoLC)733445860
=040  \\$aVaAlASP$cVaAlASP
=100  1\$aRaschle,Nora M.
=245  12$aMaking MR Imaging Child's Play - Pediatric Neuroimaging Protocol, Guidelines and Procedure$h[electronic resource]
=260  \\$aCambridge, MA$bMyJoVE Corp$c2016
=300  \\$aonline resource (918 seconds)
=490  0\$aBiology
=500  \\$aTitle from resource description page
=520  \\$aDespite an increase in the use of structural and functional magnetic resonance imaging (fMRI) in humans, the study of young pediatric populations remains a challenge. We present a hands-on, step-by-step video protocol including guidelines for clinicians and researchers intending to perform (f)MRI in young children. 
=521  \\$aFor undergraduate, graduate, and professional students
=546  \\$aEnglish
=650  \0$aBiology
=856  40$uhttps://www.jove.com/video/1309
=945  \\$aThe Whole World

