=LDR  00813ngm a2200000i 4500
=001  JoVEBiology1319
=008  161201s2016\\\\xx\\\\\g\\\\\\s\\\\\eng\d
=035  \\$a(OCoLC)733445860
=040  \\$aVaAlASP$cVaAlASP
=100  1\$aWilson,J. Adam
=245  12$aUsing an EEG-Based Brain-Computer Interface for Virtual Cursor Movement with BCI2000$h[electronic resource]
=260  \\$aCambridge, MA$bMyJoVE Corp$c2016
=300  \\$aonline resource (727 seconds)
=490  0\$aBiology
=500  \\$aTitle from resource description page
=520  \\$aIn this video, we demonstrate the steps required to run a brain-computer interface experiment, including setting up the EEG cap, calibrating the system, and training the user to move a cursor in two dimensions using imagined movements.
=521  \\$aFor undergraduate, graduate, and professional students
=546  \\$aEnglish
=650  \0$aBiology
=856  40$uhttps://www.jove.com/video/1319
=945  \\$aThe Whole World

