=LDR  00953ngm a2200000i 4500
=001  JoVEBiology1268
=008  161201s2016\\\\xx\\\\\g\\\\\\s\\\\\eng\d
=035  \\$a(OCoLC)733445860
=040  \\$aVaAlASP$cVaAlASP
=100  1\$aShalinsky,Mark H.
=245  12$aExploring Cognitive Functions in Babies, Children & Adults with Near Infrared Spectroscopy$h[electronic resource]
=260  \\$aCambridge, MA$bMyJoVE Corp$c2016
=300  \\$aonline resource (760 seconds)
=490  0\$aBiology
=500  \\$aTitle from resource description page
=520  \\$aHere we describe a data collection and data analysis method for functional Near Infrared Spectroscopy (fNIRS), a novel non-invasive brain imaging system used in cognitive   neuroscience, particularly in studying child brain development. This method provides a universal standard of data acquisition and analysis vital to data interpretation and scientific discovery.
=521  \\$aFor undergraduate, graduate, and professional students
=546  \\$aEnglish
=650  \0$aBiology
=856  40$uhttps://www.jove.com/video/1268
=945  \\$aThe Whole World

