=LDR  00843ngm a2200000i 4500
=001  JoVEBiology1286
=008  161201s2016\\\\xx\\\\\g\\\\\\s\\\\\eng\d
=035  \\$a(OCoLC)733445860
=040  \\$aVaAlASP$cVaAlASP
=100  1\$aZangenehpour,Shahin
=245  12$aBatch Immunostaining for Large-Scale Protein Detection in the Whole Monkey Brain$h[electronic resource]
=260  \\$aCambridge, MA$bMyJoVE Corp$c2016
=300  \\$aonline resource (487 seconds)
=490  0\$aBiology
=500  \\$aTitle from resource description page
=520  \\$aLarge-scale immunodetection of target proteins across the entire primate brain is possible by employing novel tissue embedding and sectioning methods combined with the use of creative apparatus for batch staining of multiple free-floating sections at a given time.
=521  \\$aFor undergraduate, graduate, and professional students
=546  \\$aEnglish
=650  \0$aBiology
=856  40$uhttps://www.jove.com/video/1286
=945  \\$aThe Whole World

