=LDR  00715ngm a2200000i 4500
=001  JoVEBiology1260
=008  161201s2016\\\\xx\\\\\g\\\\\\s\\\\\eng\d
=035  \\$a(OCoLC)733445860
=040  \\$aVaAlASP$cVaAlASP
=100  1\$aBurke,Mark W.
=245  12$aBrain Banking: Making the Most of your Research Specimens$h[electronic resource]
=260  \\$aCambridge, MA$bMyJoVE Corp$c2016
=300  \\$aonline resource (492 seconds)
=490  0\$aBiology
=500  \\$aTitle from resource description page
=520  \\$aBrain banking and systematic sampling of biological material provides the basis for unbiased stereology and maximizes the potential data obtained from each specimen.
=521  \\$aFor undergraduate, graduate, and professional students
=546  \\$aEnglish
=650  \0$aBiology
=856  40$uhttps://www.jove.com/video/1260
=945  \\$aThe Whole World

