=LDR  00898ngm a2200000i 4500
=001  JoVEBiology1280
=008  161201s2016\\\\xx\\\\\g\\\\\\s\\\\\eng\d
=035  \\$a(OCoLC)733445860
=040  \\$aVaAlASP$cVaAlASP
=100  1\$aAzuma,Junya
=245  12$aCreation of Murine Experimental Abdominal Aortic Aneurysms with Elastase $h[electronic resource]
=260  \\$aCambridge, MA$bMyJoVE Corp$c2016
=300  \\$aonline resource (623 seconds)
=490  0\$aBiology
=500  \\$aTitle from resource description page
=520  \\$aThis video shows how to induce abdominal aortic aneurysms (AAA) in mice via transient intraluminal infusion of porcine pancreatic elastase into the infrarenal segment of the abdominal aorta. The model has the ability to add broad insight into the pathobiology of AAA due to the emergence of numerous transgenic and gene knockout mice.
=521  \\$aFor undergraduate, graduate, and professional students
=546  \\$aEnglish
=650  \0$aBiology
=856  40$uhttps://www.jove.com/video/1280
=945  \\$aThe Whole World

