=LDR  00726ngm a2200000i 4500
=001  JoVEBiology1297
=008  161201s2016\\\\xx\\\\\g\\\\\\s\\\\\eng\d
=035  \\$a(OCoLC)733445860
=040  \\$aVaAlASP$cVaAlASP
=100  1\$aHerberholz,Jens
=245  12$aRecordings of Neural Circuit Activation in Freely Behaving Animals$h[electronic resource]
=260  \\$aCambridge, MA$bMyJoVE Corp$c2016
=300  \\$aonline resource (533 seconds)
=490  0\$aBiology
=500  \\$aTitle from resource description page
=520  \\$aNon-invasive measurements of neural activity patterns in freely behaving animals are obtained by combining neurophysiological recordings with high speed videography.
=521  \\$aFor undergraduate, graduate, and professional students
=546  \\$aEnglish
=650  \0$aBiology
=856  40$uhttps://www.jove.com/video/1297
=945  \\$aThe Whole World

