=LDR  00741ngm a2200000i 4500
=001  JoVEBiology1316
=008  161201s2016\\\\xx\\\\\g\\\\\\s\\\\\eng\d
=035  \\$a(OCoLC)733445860
=040  \\$aVaAlASP$cVaAlASP
=100  1\$aVarsegi,George M.
=245  12$aCell Block Preparation from Cytology Specimen with Predominance of Individually Scattered Cells$h[electronic resource]
=260  \\$aCambridge, MA$bMyJoVE Corp$c2016
=300  \\$aonline resource (499 seconds)
=490  0\$aBiology
=500  \\$aTitle from resource description page
=520  \\$aShidham's method for preparation of cell blocks with AV-marker from cytology specimens containing individually scattered cells and small cell groups.
=521  \\$aFor undergraduate, graduate, and professional students
=546  \\$aEnglish
=650  \0$aBiology
=856  40$uhttps://www.jove.com/video/1316
=945  \\$aThe Whole World

