=LDR  00675ngm a2200000i 4500
=001  JoVEBiology1394
=008  161201s2016\\\\xx\\\\\g\\\\\\s\\\\\eng\d
=035  \\$a(OCoLC)733445860
=040  \\$aVaAlASP$cVaAlASP
=100  1\$aKemp,Hilary A.
=245  12$aGenerating Chimeric Zebrafish Embryos by Transplantation$h[electronic resource]
=260  \\$aCambridge, MA$bMyJoVE Corp$c2016
=300  \\$aonline resource (1261 seconds)
=490  0\$aBiology
=500  \\$aTitle from resource description page
=520  \\$aA step-by-step guide to generating targeted chimeric zebrafish embryos by transplantation at the blastula or gastrula stage.
=521  \\$aFor undergraduate, graduate, and professional students
=546  \\$aEnglish
=650  \0$aBiology
=856  40$uhttps://www.jove.com/video/1394
=945  \\$aThe Whole World

