=LDR  00803ngm a2200000i 4500
=001  JoVEBiology1259
=008  161201s2016\\\\xx\\\\\g\\\\\\s\\\\\eng\d
=035  \\$a(OCoLC)733445860
=040  \\$aVaAlASP$cVaAlASP
=100  1\$aBurke,Mark W.
=245  12$aDissecting the Non-human Primate Brain in Stereotaxic Space$h[electronic resource]
=260  \\$aCambridge, MA$bMyJoVE Corp$c2016
=300  \\$aonline resource (549 seconds)
=490  0\$aBiology
=500  \\$aTitle from resource description page
=520  \\$aThe non-human primate is an important translational species for our understanding of the normal processing of the brain. The anatomical organization of the primate brain can provide important insights into normal and pathological conditions in humans.
=521  \\$aFor undergraduate, graduate, and professional students
=546  \\$aEnglish
=650  \0$aBiology
=856  40$uhttps://www.jove.com/video/1259
=945  \\$aThe Whole World

