=LDR  00929ngm a2200000i 4500
=001  JoVEBiology1237
=008  161201s2016\\\\xx\\\\\g\\\\\\s\\\\\eng\d
=035  \\$a(OCoLC)733445860
=040  \\$aVaAlASP$cVaAlASP
=100  1\$aIsaacson,Brad M.
=245  12$aBioelectric Analyses of an Osseointegrated Intelligent Implant Design System for Amputees$h[electronic resource]
=260  \\$aCambridge, MA$bMyJoVE Corp$c2016
=300  \\$aonline resource (871 seconds)
=490  0\$aBiology
=500  \\$aTitle from resource description page
=520  \\$aThere is a need to develop alternative prosthesis attachment due to limb loss attributed to vascular occlusive diseases and trauma.  The goal of the work is to introduce an osseointegrated intelligent implant design system to increase skeletal fixation and reduce periprosthetic infection rates for patients needing osseointegrated technology. 
=521  \\$aFor undergraduate, graduate, and professional students
=546  \\$aEnglish
=650  \0$aBiology
=856  40$uhttps://www.jove.com/video/1237
=945  \\$aThe Whole World

