=LDR  00799ngm a2200000i 4500
=001  JoVEBiology1366
=008  161201s2016\\\\xx\\\\\g\\\\\\s\\\\\eng\d
=035  \\$a(OCoLC)733445860
=040  \\$aVaAlASP$cVaAlASP
=100  1\$aKandárová,Helena
=245  12$aAn In Vitro Skin Irritation Test (SIT) using the EpiDerm Reconstructed Human Epidermal (RHE) Model$h[electronic resource]
=260  \\$aCambridge, MA$bMyJoVE Corp$c2016
=300  \\$aonline resource (1276 seconds)
=490  0\$aBiology
=500  \\$aTitle from resource description page
=520  \\$aIn this video, we demonstrate the EpiDerm Skin Irritation test (EpiDerm SIT) developed and validated for in vitro skin irritation testing of chemicals, including cosmetic and pharmaceutical ingredients.
=521  \\$aFor undergraduate, graduate, and professional students
=546  \\$aEnglish
=650  \0$aBiology
=856  40$uhttps://www.jove.com/video/1366
=945  \\$aThe Whole World

