=LDR  00671ngm a2200000i 4500
=001  JoVEBiology1150
=008  161201s2016\\\\xx\\\\\g\\\\\\s\\\\\eng\d
=035  \\$a(OCoLC)733445860
=040  \\$aVaAlASP$cVaAlASP
=100  1\$aWang,Jiao-Jing
=245  12$aMurine Renal Transplantation Procedure$h[electronic resource]
=260  \\$aCambridge, MA$bMyJoVE Corp$c2016
=300  \\$aonline resource (1128 seconds)
=490  0\$aBiology
=500  \\$aTitle from resource description page
=520  \\$aRenal transplantation in mice is a technically challenging procedure that requires careful post-operative care and treatment for success. 
=521  \\$aFor undergraduate, graduate, and professional students
=546  \\$aEnglish
=650  \0$aBiology
=856  40$uhttps://www.jove.com/video/1150
=945  \\$aThe Whole World

