=LDR  00740ngm a2200000i 4500
=001  JoVEBiology1155
=008  161201s2016\\\\xx\\\\\g\\\\\\s\\\\\eng\d
=035  \\$a(OCoLC)733445860
=040  \\$aVaAlASP$cVaAlASP
=100  1\$aCafferty,Patrick
=245  12$aLive Imaging of Glial Cell Migration in the Drosophila Eye Imaginal Disc$h[electronic resource]
=260  \\$aCambridge, MA$bMyJoVE Corp$c2016
=300  \\$aonline resource (552 seconds)
=490  0\$aBiology
=500  \\$aTitle from resource description page
=520  \\$aHere we describe a protocol to examine the migration of glial cells into the developing Drosophila eye using live microscopic analysis paired with GFP tagged glial cells.  
=521  \\$aFor undergraduate, graduate, and professional students
=546  \\$aEnglish
=650  \0$aBiology
=856  40$uhttps://www.jove.com/video/1155
=945  \\$aThe Whole World

