=LDR  00875ngm a2200000i 4500
=001  JoVEBiology1267
=008  161201s2016\\\\xx\\\\\g\\\\\\s\\\\\eng\d
=035  \\$a(OCoLC)733445860
=040  \\$aVaAlASP$cVaAlASP
=100  1\$aPennartz,Sandra
=245  12$aGeneration of Single-Cell Suspensions from Mouse Neural Tissue$h[electronic resource]
=260  \\$aCambridge, MA$bMyJoVE Corp$c2016
=300  \\$aonline resource (677 seconds)
=490  0\$aBiology
=500  \\$aTitle from resource description page
=520  \\$aDissociating cells from specific tissue types requires specific parameters for tissue aggitation to obtain a high volume of viable, culturable cells. The Miltenyi gentleMACS Dissociator optimizes this task with a simple, practical protocol.  In this publication the use of this apparatus on nerual tissue is explained.
=521  \\$aFor undergraduate, graduate, and professional students
=546  \\$aEnglish
=650  \0$aBiology
=856  40$uhttps://www.jove.com/video/1267
=945  \\$aThe Whole World

