=LDR  00792ngm a2200000i 4500
=001  JoVEBiology1395
=008  161201s2016\\\\xx\\\\\g\\\\\\s\\\\\eng\d
=035  \\$a(OCoLC)733445860
=040  \\$aVaAlASP$cVaAlASP
=100  1\$aDraper,Bruce W.
=245  12$aA High-Throughput Method For Zebrafish Sperm Cryopreservation and In Vitro Fertilization$h[electronic resource]
=260  \\$aCambridge, MA$bMyJoVE Corp$c2016
=300  \\$aonline resource (661 seconds)
=490  0\$aBiology
=500  \\$aTitle from resource description page
=520  \\$aThis is a high-throughput sperm cryopreservation protocol for zebrafish. Sperm cryopreserved using this protocol has an average of 25% fertility in subsequent vitro fertilization and is stable over many years.
=521  \\$aFor undergraduate, graduate, and professional students
=546  \\$aEnglish
=650  \0$aBiology
=856  40$uhttps://www.jove.com/video/1395
=945  \\$aThe Whole World

