=LDR  00839ngm a2200000i 4500
=001  JoVEBiology1384
=008  161201s2016\\\\xx\\\\\g\\\\\\s\\\\\eng\d
=035  \\$a(OCoLC)733445860
=040  \\$aVaAlASP$cVaAlASP
=100  1\$aLiu,Jiahui S.
=245  12$aUsing the Horseshoe Crab, Limulus Polyphemus, in Vision Research$h[electronic resource]
=260  \\$aCambridge, MA$bMyJoVE Corp$c2016
=300  \\$aonline resource (868 seconds)
=490  0\$aBiology
=500  \\$aTitle from resource description page
=520  \\$aIn this video we perform electroretinogram recording, optic nerve recording, and intraretinal recording with the American horseshoe crab, Limulus Polyphemus. These electrophysiological paradigms can be used for investigating the neural basis of vision in a research or teaching lab.
=521  \\$aFor undergraduate, graduate, and professional students
=546  \\$aEnglish
=650  \0$aBiology
=856  40$uhttps://www.jove.com/video/1384
=945  \\$aThe Whole World

