=LDR  00919ngm a2200000i 4500
=001  JoVEBiology1266
=008  161201s2016\\\\xx\\\\\g\\\\\\s\\\\\eng\d
=035  \\$a(OCoLC)733445860
=040  \\$aVaAlASP$cVaAlASP
=100  1\$aJungblut,Melanie
=245  12$aStandardized Preparation of Single-Cell Suspensions from Mouse Lung Tissue using the gentleMACS Dissociator$h[electronic resource]
=260  \\$aCambridge, MA$bMyJoVE Corp$c2016
=300  \\$aonline resource (423 seconds)
=490  0\$aBiology
=500  \\$aTitle from resource description page
=520  \\$aDissociating cells from specific tissue types requires specific parameters for tissue agitation to obtain a high volume of viable, culturable cells. The Miltenyi  gentleMACS dissociator optimizes this task with a simple, practical protocol.  In this publication the use of this apparatus on lung tissue is explained.
=521  \\$aFor undergraduate, graduate, and professional students
=546  \\$aEnglish
=650  \0$aBiology
=856  40$uhttps://www.jove.com/video/1266
=945  \\$aThe Whole World

