=LDR  00997ngm a2200000i 4500
=001  JoVEBiology1396
=008  161201s2016\\\\xx\\\\\g\\\\\\s\\\\\eng\d
=035  \\$a(OCoLC)733445860
=040  \\$aVaAlASP$cVaAlASP
=100  1\$aWalker,Charline
=245  12$aMaking Gynogenetic Diploid Zebrafish by Early Pressure$h[electronic resource]
=260  \\$aCambridge, MA$bMyJoVE Corp$c2016
=300  \\$aonline resource (760 seconds)
=490  0\$aBiology
=500  \\$aTitle from resource description page
=520  \\$aThis is a method for generating gynogenetic diploid zebrafish embryos (embryos whose only genetic contribution comes from the mother) by blocking the second meiotic division immediately after fertilization with ultraviolet light-inactivated sperm. EP embryos are not fully homozygous due to recombination during the first meiotic division, however they are homozygous at all loci that have not been separated from their centromere by recombination.
=521  \\$aFor undergraduate, graduate, and professional students
=546  \\$aEnglish
=650  \0$aBiology
=856  40$uhttps://www.jove.com/video/1396
=945  \\$aThe Whole World

