=LDR  00705ngm a2200000i 4500
=001  JoVEBiology1247
=008  161201s2016\\\\xx\\\\\g\\\\\\s\\\\\eng\d
=035  \\$a(OCoLC)733445860
=040  \\$aVaAlASP$cVaAlASP
=100  1\$aYoung,John S.
=245  12$aFocal Ca2+ Transient Detection in Smooth Muscle$h[electronic resource]
=260  \\$aCambridge, MA$bMyJoVE Corp$c2016
=300  \\$aonline resource (1061 seconds)
=490  0\$aBiology
=500  \\$aTitle from resource description page
=520  \\$aDetails methods for high-resolution Ca2+ imaging of smooth muscle within isolated organs, including: preparation of the tissue, image acquisition and data analysis.
=521  \\$aFor undergraduate, graduate, and professional students
=546  \\$aEnglish
=650  \0$aBiology
=856  40$uhttps://www.jove.com/video/1247
=945  \\$aThe Whole World

