=LDR  00658ngm a2200000i 4500
=001  JoVEBiology1209
=008  161201s2016\\\\xx\\\\\g\\\\\\s\\\\\eng\d
=035  \\$a(OCoLC)733445860
=040  \\$aVaAlASP$cVaAlASP
=100  1\$aSteffen,Kristan K.
=245  12$aMeasuring Replicative Life Span in the Budding Yeast$h[electronic resource]
=260  \\$aCambridge, MA$bMyJoVE Corp$c2016
=300  \\$aonline resource (761 seconds)
=490  0\$aBiology
=500  \\$aTitle from resource description page
=520  \\$aIn this article we present a general protocol for measuring the replicative life span of yeast mother cells.
=521  \\$aFor undergraduate, graduate, and professional students
=546  \\$aEnglish
=650  \0$aBiology
=856  40$uhttps://www.jove.com/video/1209
=945  \\$aThe Whole World

