=LDR  00675ngm a2200000i 4500
=001  JoVEBiology1139
=008  161201s2016\\\\xx\\\\\g\\\\\\s\\\\\eng\d
=035  \\$a(OCoLC)733445860
=040  \\$aVaAlASP$cVaAlASP
=100  1\$aSill,Bjoern
=245  12$aImplantation of Engineered Tissue in the Rat Heart$h[electronic resource]
=260  \\$aCambridge, MA$bMyJoVE Corp$c2016
=300  \\$aonline resource (479 seconds)
=490  0\$aBiology
=500  \\$aTitle from resource description page
=520  \\$aHere, we describe a cardiac surgical procedure to implant engineered tissue in the atrioventricular (AV)-groove of an adult Lewis rat.
=521  \\$aFor undergraduate, graduate, and professional students
=546  \\$aEnglish
=650  \0$aBiology
=856  40$uhttps://www.jove.com/video/1139
=945  \\$aThe Whole World

