=LDR  00658ngm a2200000i 4500
=001  JoVEBiology1232
=008  161201s2016\\\\xx\\\\\g\\\\\\s\\\\\eng\d
=035  \\$a(OCoLC)733445860
=040  \\$aVaAlASP$cVaAlASP
=100  1\$aJarrell,John
=245  12$aDemonstration of Cutaneous Allodynia in Association with Chronic Pelvic Pain$h[electronic resource]
=260  \\$aCambridge, MA$bMyJoVE Corp$c2016
=300  \\$aonline resource (404 seconds)
=490  0\$aBiology
=500  \\$aTitle from resource description page
=520  \\$aA demonstration of the bedside test for cutaneous allodynia and its clinical implications.
=521  \\$aFor undergraduate, graduate, and professional students
=546  \\$aEnglish
=650  \0$aBiology
=856  40$uhttps://www.jove.com/video/1232
=945  \\$aThe Whole World

