=LDR  00647ngm a2200000i 4500
=001  JoVEBiology1163
=008  161201s2016\\\\xx\\\\\g\\\\\\s\\\\\eng\d
=035  \\$a(OCoLC)733445860
=040  \\$aVaAlASP$cVaAlASP
=100  1\$aWalsh,David A.
=245  12$aSmall Volume (1-3L) Filtration of Coastal Seawater Samples$h[electronic resource]
=260  \\$aCambridge, MA$bMyJoVE Corp$c2016
=300  \\$aonline resource (261 seconds)
=490  0\$aBiology
=500  \\$aTitle from resource description page
=520  \\$aThis video documents small volume (~1 L) filtration of microbial biomass from the water column.
=521  \\$aFor undergraduate, graduate, and professional students
=546  \\$aEnglish
=650  \0$aBiology
=856  40$uhttps://www.jove.com/video/1163
=945  \\$aThe Whole World

