=LDR  00699ngm a2200000i 4500
=001  JoVEBiology1161
=008  161201s2016\\\\xx\\\\\g\\\\\\s\\\\\eng\d
=035  \\$a(OCoLC)733445860
=040  \\$aVaAlASP$cVaAlASP
=100  1\$aWalsh,David A.
=245  12$aLarge Volume (20L+) Filtration of Coastal Seawater Samples$h[electronic resource]
=260  \\$aCambridge, MA$bMyJoVE Corp$c2016
=300  \\$aonline resource (358 seconds)
=490  0\$aBiology
=500  \\$aTitle from resource description page
=520  \\$aThis video documents large volume (≥20 L) filtration of microbial biomass, ranging between 0.22μm and 2.7μm in diameter, from the water column.
=521  \\$aFor undergraduate, graduate, and professional students
=546  \\$aEnglish
=650  \0$aBiology
=856  40$uhttps://www.jove.com/video/1161
=945  \\$aThe Whole World

