=LDR  00762ngm a2200000i 4500
=001  JoVEBiology1159
=008  161201s2016\\\\xx\\\\\g\\\\\\s\\\\\eng\d
=035  \\$a(OCoLC)733445860
=040  \\$aVaAlASP$cVaAlASP
=100  1\$aZaikova,Elena
=245  12$aSeawater Sampling and Collection$h[electronic resource]
=260  \\$aCambridge, MA$bMyJoVE Corp$c2016
=300  \\$aonline resource (503 seconds)
=490  0\$aBiology
=500  \\$aTitle from resource description page
=520  \\$aThis video documents methods for collecting coastal marine water samples and processing them for various downstream applications including biomass concentration, nucleic acid purification, cell abundance, nutrient and trace gas analyses.
=521  \\$aFor undergraduate, graduate, and professional students
=546  \\$aEnglish
=650  \0$aBiology
=856  40$uhttps://www.jove.com/video/1159
=945  \\$aThe Whole World

