=LDR  00772ngm a2200000i 4500
=001  JoVEBiology1308
=008  161201s2016\\\\xx\\\\\g\\\\\\s\\\\\eng\d
=035  \\$a(OCoLC)733445860
=040  \\$aVaAlASP$cVaAlASP
=100  1\$aXu,Xianghua
=245  12$aPrimary Culture of Adult Rat Heart Myocytes$h[electronic resource]
=260  \\$aCambridge, MA$bMyJoVE Corp$c2016
=300  \\$aonline resource (704 seconds)
=490  0\$aBiology
=500  \\$aTitle from resource description page
=520  \\$aIn this paper, we described a typical way to isolate and culture adult rat heart myocytes. Collagenase and protease are used to digest and isolate single myocytes. Myocytes cultured follow this protocol meet most experiment requirements. 
=521  \\$aFor undergraduate, graduate, and professional students
=546  \\$aEnglish
=650  \0$aBiology
=856  40$uhttps://www.jove.com/video/1308
=945  \\$aThe Whole World

