=LDR  00844ngm a2200000i 4500
=001  JoVEBiology1127
=008  161201s2016\\\\xx\\\\\g\\\\\\s\\\\\eng\d
=035  \\$a(OCoLC)733445860
=040  \\$aVaAlASP$cVaAlASP
=100  1\$aEngelberth,Marie J.
=245  12$aMonitoring Plant Hormones During Stress Responses$h[electronic resource]
=260  \\$aCambridge, MA$bMyJoVE Corp$c2016
=300  \\$aonline resource (661 seconds)
=490  0\$aBiology
=500  \\$aTitle from resource description page
=520  \\$aA simple method is provided that allows for the rapid extraction and analysis of multiple plant hormones  from small tissue samples. The procedure uses vapor phase extraction as the solemn purification step. Samples are analyzed by GC/MS with chemical ionization that produces mainly (M+1)+ ions.
=521  \\$aFor undergraduate, graduate, and professional students
=546  \\$aEnglish
=650  \0$aBiology
=856  40$uhttps://www.jove.com/video/1127
=945  \\$aThe Whole World

