=LDR  00729ngm a2200000i 4500
=001  JoVEBiology1204
=008  161201s2016\\\\xx\\\\\g\\\\\\s\\\\\eng\d
=035  \\$a(OCoLC)733445860
=040  \\$aVaAlASP$cVaAlASP
=100  1\$aMetz,Gerlinde A.
=245  12$aThe Ladder Rung Walking Task: A Scoring System and its Practical Application.$h[electronic resource]
=260  \\$aCambridge, MA$bMyJoVE Corp$c2016
=300  \\$aonline resource (578 seconds)
=490  0\$aBiology
=500  \\$aTitle from resource description page
=520  \\$aThe ladder rung walking task is a new test to assess skilled walking and measure both forelimb and hindlimb placing, stepping, and inter-limb co-ordination.
=521  \\$aFor undergraduate, graduate, and professional students
=546  \\$aEnglish
=650  \0$aBiology
=856  40$uhttps://www.jove.com/video/1204
=945  \\$aThe Whole World

