=LDR  00808ngm a2200000i 4500
=001  JoVEBiology1301
=008  161201s2016\\\\xx\\\\\g\\\\\\s\\\\\eng\d
=035  \\$a(OCoLC)733445860
=040  \\$aVaAlASP$cVaAlASP
=100  1\$aUwiera,Richard R. E.
=245  12$aCatheterization of Intestinal Loops in Ruminants$h[electronic resource]
=260  \\$aCambridge, MA$bMyJoVE Corp$c2016
=300  \\$aonline resource (1035 seconds)
=490  0\$aBiology
=500  \\$aTitle from resource description page
=520  \\$aWe describe a novel surgical method for catheterizing 'intestinal loops' within the ileum of sheep. Once animals have recovered from surgery and have cleared antibiotics and analgesics, multiple treatments can be deposited directly in loops via the catheters.
=521  \\$aFor undergraduate, graduate, and professional students
=546  \\$aEnglish
=650  \0$aBiology
=856  40$uhttps://www.jove.com/video/1301
=945  \\$aThe Whole World

