=LDR  00701ngm a2200000i 4500
=001  JoVEBiology1292
=008  161201s2016\\\\xx\\\\\g\\\\\\s\\\\\eng\d
=035  \\$a(OCoLC)733445860
=040  \\$aVaAlASP$cVaAlASP
=100  1\$aVelásquez,Andrá C.
=245  12$aVirus-induced Gene Silencing (VIGS) in Nicotiana benthamiana and Tomato$h[electronic resource]
=260  \\$aCambridge, MA$bMyJoVE Corp$c2016
=300  \\$aonline resource (394 seconds)
=490  0\$aBiology
=500  \\$aTitle from resource description page
=520  \\$aDescription of a virus-induced gene silencing (VIGS) method for knock-down of gene expression in Nicotiana benthamiana and tomato.
=521  \\$aFor undergraduate, graduate, and professional students
=546  \\$aEnglish
=650  \0$aBiology
=856  40$uhttps://www.jove.com/video/1292
=945  \\$aThe Whole World

