=LDR  00772ngm a2200000i 4500
=001  JoVEBiology1305
=008  161201s2016\\\\xx\\\\\g\\\\\\s\\\\\eng\d
=035  \\$a(OCoLC)733445860
=040  \\$aVaAlASP$cVaAlASP
=100  1\$aJoselevitch,Christina
=245  12$aImaging Exocytosis in Retinal Bipolar Cells with TIRF Microscopy$h[electronic resource]
=260  \\$aCambridge, MA$bMyJoVE Corp$c2016
=300  \\$aonline resource (714 seconds)
=490  0\$aBiology
=500  \\$aTitle from resource description page
=520  \\$aIn this video, we demonstrate how to label and visualize single synaptic vesicle exocytosis and trafficking in goldfish retinal bipolar cells using total internal reflectance fluorescence (TIRF) microscopy. 
=521  \\$aFor undergraduate, graduate, and professional students
=546  \\$aEnglish
=650  \0$aBiology
=856  40$uhttps://www.jove.com/video/1305
=945  \\$aThe Whole World

