=LDR  00895ngm a2200000i 4500
=001  JoVEBiology1355
=008  161201s2016\\\\xx\\\\\g\\\\\\s\\\\\eng\d
=035  \\$a(OCoLC)733445860
=040  \\$aVaAlASP$cVaAlASP
=100  1\$aZhao,Yali
=245  12$aPreparation of Aplysia Sensory-motor Neuronal Cell Cultures$h[electronic resource]
=260  \\$aCambridge, MA$bMyJoVE Corp$c2016
=300  \\$aonline resource (1047 seconds)
=490  0\$aBiology
=500  \\$aTitle from resource description page
=520  \\$aPrimary cultures of Aplysia sensory-motor neurons provide a model preparation for studying synapse formation and synaptic plasticity in vitro.  This video demonstrates the identification and microdissection of sensory and motor neurons from Aplysia ganglia as well as the methods for establishing and maintaining sensory-motor neurons in culture.
=521  \\$aFor undergraduate, graduate, and professional students
=546  \\$aEnglish
=650  \0$aBiology
=856  40$uhttps://www.jove.com/video/1355
=945  \\$aThe Whole World

