=LDR  00799ngm a2200000i 4500
=001  JoVEBiology1278
=008  161201s2016\\\\xx\\\\\g\\\\\\s\\\\\eng\d
=035  \\$a(OCoLC)733445860
=040  \\$aVaAlASP$cVaAlASP
=100  1\$aGligorijevic,Bojana
=245  12$aDendra2 Photoswitching through the Mammary Imaging Window$h[electronic resource]
=260  \\$aCambridge, MA$bMyJoVE Corp$c2016
=300  \\$aonline resource (552 seconds)
=490  0\$aBiology
=500  \\$aTitle from resource description page
=520  \\$aIntravital photoswitching and tracking of Dendra2-labeled tumor cells through the Mammary Imaging Window is a technique which allows us to image the metastatic behavior of tumor cells in chosen tumor microenvironments over a timescale of days.
=521  \\$aFor undergraduate, graduate, and professional students
=546  \\$aEnglish
=650  \0$aBiology
=856  40$uhttps://www.jove.com/video/1278
=945  \\$aThe Whole World

