=LDR  00822ngm a2200000i 4500
=001  JoVEBiology1374
=008  161201s2016\\\\xx\\\\\g\\\\\\s\\\\\eng\d
=035  \\$a(OCoLC)733445860
=040  \\$aVaAlASP$cVaAlASP
=100  1\$aGoldreich,Daniel
=245  12$aA Tactile Automated Passive-Finger Stimulator (TAPS)$h[electronic resource]
=260  \\$aCambridge, MA$bMyJoVE Corp$c2016
=300  \\$aonline resource (1184 seconds)
=490  0\$aBiology
=500  \\$aTitle from resource description page
=520  \\$aWe describe a computer-controlled device for investigating the sense of touch: the Tactile Automated Passive-finger Stimulator (TAPS). We describe the components of TAPS, and show how TAPS is used to administer a two-interval forced-choice tactile grating orientation test.
=521  \\$aFor undergraduate, graduate, and professional students
=546  \\$aEnglish
=650  \0$aBiology
=856  40$uhttps://www.jove.com/video/1374
=945  \\$aThe Whole World

