=LDR  00925ngm a2200000i 4500
=001  JoVEBiology1389
=008  161201s2016\\\\xx\\\\\g\\\\\\s\\\\\eng\d
=035  \\$a(OCoLC)733445860
=040  \\$aVaAlASP$cVaAlASP
=100  1\$aVinegoni,Claudio
=245  12$aBorn Normalization for Fluorescence Optical Projection Tomography for Whole Heart Imaging$h[electronic resource]
=260  \\$aCambridge, MA$bMyJoVE Corp$c2016
=300  \\$aonline resource (1004 seconds)
=490  0\$aBiology
=500  \\$aTitle from resource description page
=520  \\$aWe suggest a Born normalized approach for Optical Projection Tomography (BnOPT) that accounts for the absorption properties of imaged samples to obtain accurate and quantitative fluorescence tomographic reconstructions. We use the proposed algorithm to reconstruct the fluorescence molecular probe distribution within small animal organs. 
=521  \\$aFor undergraduate, graduate, and professional students
=546  \\$aEnglish
=650  \0$aBiology
=856  40$uhttps://www.jove.com/video/1389
=945  \\$aThe Whole World

