=LDR  00896ngm a2200000i 4500
=001  JoVEBiology1258
=008  161201s2016\\\\xx\\\\\g\\\\\\s\\\\\eng\d
=035  \\$a(OCoLC)733445860
=040  \\$aVaAlASP$cVaAlASP
=100  1\$aZhang,Yan
=245  12$aLens Transplantation in Zebrafish and its Application in the Analysis of Eye Mutants$h[electronic resource]
=260  \\$aCambridge, MA$bMyJoVE Corp$c2016
=300  \\$aonline resource (639 seconds)
=490  0\$aBiology
=500  \\$aTitle from resource description page
=520  \\$aLens development involves interactions with other tissues.  Several zebrafish eye mutants are characterized by an abnormally small lens size.  Here we demonstrate a lens transplantation experiment to determine whether this phenotype is due to intrinsic causes or defective interactions with tissues that surround the lens. 
=521  \\$aFor undergraduate, graduate, and professional students
=546  \\$aEnglish
=650  \0$aBiology
=856  40$uhttps://www.jove.com/video/1258
=945  \\$aThe Whole World

