=LDR  00918ngm a2200000i 4500
=001  JoVEBiology1144
=008  161201s2016\\\\xx\\\\\g\\\\\\s\\\\\eng\d
=035  \\$a(OCoLC)733445860
=040  \\$aVaAlASP$cVaAlASP
=100  1\$aKwinter,David M.
=245  12$aLive Imaging of Dense-core Vesicles in Primary Cultured Hippocampal Neurons$h[electronic resource]
=260  \\$aCambridge, MA$bMyJoVE Corp$c2016
=300  \\$aonline resource (585 seconds)
=490  0\$aBiology
=500  \\$aTitle from resource description page
=520  \\$aLive cell imaging is of particular utility when studying the dynamics of organelle trafficking.  Here we describe a protocol for live imaging of dense-core vesicles in cultured neurons using wide-field fluorescence microscopy. This protocol is flexible and can be adapted to image other organelles such as mitochondria, endosomes, and peroxisomes.
=521  \\$aFor undergraduate, graduate, and professional students
=546  \\$aEnglish
=650  \0$aBiology
=856  40$uhttps://www.jove.com/video/1144
=945  \\$aThe Whole World

