=LDR  00687ngm a2200000i 4500
=001  JoVEBiology1171
=008  161201s2016\\\\xx\\\\\g\\\\\\s\\\\\eng\d
=035  \\$a(OCoLC)733445860
=040  \\$aVaAlASP$cVaAlASP
=100  1\$aTobin,Anne-Elise
=245  12$aHomarus Americanus Stomatogastric Nervous System Dissection$h[electronic resource]
=260  \\$aCambridge, MA$bMyJoVE Corp$c2016
=300  \\$aonline resource (1582 seconds)
=490  0\$aBiology
=500  \\$aTitle from resource description page
=520  \\$aWe describe the fine dissection of the stomatogastric nervous system from the stomach of the American lobster (Homarus americanus).
=521  \\$aFor undergraduate, graduate, and professional students
=546  \\$aEnglish
=650  \0$aBiology
=856  40$uhttps://www.jove.com/video/1171
=945  \\$aThe Whole World

