=LDR  00893ngm a2200000i 4500
=001  JoVEBiology1343
=008  161201s2016\\\\xx\\\\\g\\\\\\s\\\\\eng\d
=035  \\$a(OCoLC)733445860
=040  \\$aVaAlASP$cVaAlASP
=100  1\$aQi,Meirigeng
=245  12$aHuman Pancreatic Islet Isolation: Part II: Purification and Culture of Human Islets$h[electronic resource]
=260  \\$aCambridge, MA$bMyJoVE Corp$c2016
=300  \\$aonline resource (515 seconds)
=490  0\$aBiology
=500  \\$aTitle from resource description page
=520  \\$aAchieving high quality and appropriate quantity of human islets is one of the prominent prerequisites for successful islet transplantation. In this video, we describe step by step the procedures for human pancreatic islet isolation (part II: purification and culture of human islets) using a modified automated method.
=521  \\$aFor undergraduate, graduate, and professional students
=546  \\$aEnglish
=650  \0$aBiology
=856  40$uhttps://www.jove.com/video/1343
=945  \\$aThe Whole World

