=LDR  00901ngm a2200000i 4500
=001  JoVEBiology1125
=008  161201s2016\\\\xx\\\\\g\\\\\\s\\\\\eng\d
=035  \\$a(OCoLC)733445860
=040  \\$aVaAlASP$cVaAlASP
=100  1\$aQi,Meirigeng
=245  12$aHuman Pancreatic Islet Isolation: Part I: Digestion and Collection of Pancreatic Tissue$h[electronic resource]
=260  \\$aCambridge, MA$bMyJoVE Corp$c2016
=300  \\$aonline resource (714 seconds)
=490  0\$aBiology
=500  \\$aTitle from resource description page
=520  \\$aAchieving high quality and appropriate quantity of human islets is one of the prominent prerequisites for successful islet transplantation. In this video, we describe step by step the procedures for human pancreatic islet isolation (part I: digestion and collection of pancreatic tissue) using a modified automated method.
=521  \\$aFor undergraduate, graduate, and professional students
=546  \\$aEnglish
=650  \0$aBiology
=856  40$uhttps://www.jove.com/video/1125
=945  \\$aThe Whole World

