=LDR  00656ngm a2200000i 4500
=001  JoVEBiology1320
=008  161201s2016\\\\xx\\\\\g\\\\\\s\\\\\eng\d
=035  \\$a(OCoLC)733445860
=040  \\$aVaAlASP$cVaAlASP
=100  1\$aBierman,Hilary S.
=245  12$aGross Dissection of the Stomach of the Lobster, Homarus Americanus$h[electronic resource]
=260  \\$aCambridge, MA$bMyJoVE Corp$c2016
=300  \\$aonline resource (612 seconds)
=490  0\$aBiology
=500  \\$aTitle from resource description page
=520  \\$aWe describe the gross dissection of the stomach of the American lobster (Homarus americanus).
=521  \\$aFor undergraduate, graduate, and professional students
=546  \\$aEnglish
=650  \0$aBiology
=856  40$uhttps://www.jove.com/video/1320
=945  \\$aThe Whole World

