=LDR  00820ngm a2200000i 4500
=001  JoVEBiology1348
=008  161201s2016\\\\xx\\\\\g\\\\\\s\\\\\eng\d
=035  \\$a(OCoLC)733445860
=040  \\$aVaAlASP$cVaAlASP
=100  1\$aChen,Kaiyun
=245  12$aElectrophysiological Recording in the Drosophila Embryo$h[electronic resource]
=260  \\$aCambridge, MA$bMyJoVE Corp$c2016
=300  \\$aonline resource (691 seconds)
=490  0\$aBiology
=500  \\$aTitle from resource description page
=520  \\$aElectrophysiological recordings from Drosophila embryos allow analyses of developing muscle and neuron electrical properties, as well as characterization of functional synaptogenesis at the glutamatergic neuromuscular junction and central cholinergic and GABAergic synapses.
=521  \\$aFor undergraduate, graduate, and professional students
=546  \\$aEnglish
=650  \0$aBiology
=856  40$uhttps://www.jove.com/video/1348
=945  \\$aThe Whole World

