=LDR  00855ngm a2200000i 4500
=001  JoVEBiology1347
=008  161201s2016\\\\xx\\\\\g\\\\\\s\\\\\eng\d
=035  \\$a(OCoLC)733445860
=040  \\$aVaAlASP$cVaAlASP
=100  1\$aFeatherstone,David E.
=245  12$aHarvesting and Preparing Drosophila Embryos for Electrophysiological Recording and Other Procedures$h[electronic resource]
=260  \\$aCambridge, MA$bMyJoVE Corp$c2016
=300  \\$aonline resource (502 seconds)
=490  0\$aBiology
=500  \\$aTitle from resource description page
=520  \\$aThis technique exposes the Drosophila embryonic neuromusculature for immunohistochemistry or electrophysiological recording.  It is useful for studying early events in neuromuscular development or performing electrophysiology in mutants that cannot hatch.
=521  \\$aFor undergraduate, graduate, and professional students
=546  \\$aEnglish
=650  \0$aBiology
=856  40$uhttps://www.jove.com/video/1347
=945  \\$aThe Whole World

