=LDR  00865ngm a2200000i 4500
=001  JoVEBiology1146
=008  161201s2016\\\\xx\\\\\g\\\\\\s\\\\\eng\d
=035  \\$a(OCoLC)733445860
=040  \\$aVaAlASP$cVaAlASP
=100  1\$aMorin,Audrey
=245  12$aDissection of Saccharomyces Cerevisiae Asci$h[electronic resource]
=260  \\$aCambridge, MA$bMyJoVE Corp$c2016
=300  \\$aonline resource (777 seconds)
=490  0\$aBiology
=500  \\$aTitle from resource description page
=520  \\$aMicromanipulation of yeast cells is needed for meiotic genetic analysis or to select diploid zygotes. These micromanipulations are carried out using the microneedle of a dissection microscope. The microneedle is used to relocate cells and is controlled by a micromanipulator which are available with various degrees of automation.
=521  \\$aFor undergraduate, graduate, and professional students
=546  \\$aEnglish
=650  \0$aBiology
=856  40$uhttps://www.jove.com/video/1146
=945  \\$aThe Whole World

