=LDR  00853ngm a2200000i 4500
=001  JoVEBiology1178
=008  161201s2016\\\\xx\\\\\g\\\\\\s\\\\\eng\d
=035  \\$a(OCoLC)733445860
=040  \\$aVaAlASP$cVaAlASP
=100  1\$aSingh,Harpreet
=245  12$aProteomics to Identify Proteins Interacting with P2X2 Ligand-Gated Cation Channels$h[electronic resource]
=260  \\$aCambridge, MA$bMyJoVE Corp$c2016
=300  \\$aonline resource (996 seconds)
=490  0\$aBiology
=500  \\$aTitle from resource description page
=520  \\$aWe describe a simple protocol to identify brain proteins that bind to the full length C terminus of ATP-gated P2X2 receptors. The extension and systematic application of this approach to all P2X receptors is expected to lead to a better understanding of P2X receptor signaling.
=521  \\$aFor undergraduate, graduate, and professional students
=546  \\$aEnglish
=650  \0$aBiology
=856  40$uhttps://www.jove.com/video/1178
=945  \\$aThe Whole World

