=LDR  00842ngm a2200000i 4500
=001  JoVEBiology1291
=008  161201s2016\\\\xx\\\\\g\\\\\\s\\\\\eng\d
=035  \\$a(OCoLC)733445860
=040  \\$aVaAlASP$cVaAlASP
=100  1\$aDaugherty,Alan
=245  12$aMeasuring Blood Pressure in Mice using Volume Pressure Recording, a Tail-cuff Method$h[electronic resource]
=260  \\$aCambridge, MA$bMyJoVE Corp$c2016
=300  \\$aonline resource (534 seconds)
=490  0\$aBiology
=500  \\$aTitle from resource description page
=520  \\$aThe CODA 8-Channel High Throughput Non-Invasive Blood Pressure system measures the blood pressure in up to 8 mice or rats simultaneously. This tail-cuff system uses Volume Pressure Recording (VPR) to measure the blood pressure by determining the tail blood volume.
=521  \\$aFor undergraduate, graduate, and professional students
=546  \\$aEnglish
=650  \0$aBiology
=856  40$uhttps://www.jove.com/video/1291
=945  \\$aThe Whole World

