=LDR  00840ngm a2200000i 4500
=001  JoVEBiology1262
=008  161201s2016\\\\xx\\\\\g\\\\\\s\\\\\eng\d
=035  \\$a(OCoLC)733445860
=040  \\$aVaAlASP$cVaAlASP
=100  1\$aBurke,Mark
=245  12$aKnowing What Counts: Unbiased Stereology in the Non-human Primate Brain$h[electronic resource]
=260  \\$aCambridge, MA$bMyJoVE Corp$c2016
=300  \\$aonline resource (685 seconds)
=490  0\$aBiology
=500  \\$aTitle from resource description page
=520  \\$aThe anatomical organization of the primate brain can provide important insights into normal and pathological conditions in humans. Unbiased stereology is a method for accurately and efficiently estimating the total neuron number (or other cell type) in a given reference space1. 
=521  \\$aFor undergraduate, graduate, and professional students
=546  \\$aEnglish
=650  \0$aBiology
=856  40$uhttps://www.jove.com/video/1262
=945  \\$aThe Whole World

