=LDR  00789ngm a2200000i 4500
=001  JoVEBiology1135
=008  161201s2016\\\\xx\\\\\g\\\\\\s\\\\\eng\d
=035  \\$a(OCoLC)733445860
=040  \\$aVaAlASP$cVaAlASP
=100  1\$aLaible,Mark
=245  12$aHomemade Site Directed Mutagenesis of Whole Plasmids$h[electronic resource]
=260  \\$aCambridge, MA$bMyJoVE Corp$c2016
=300  \\$aonline resource (431 seconds)
=490  0\$aBiology
=500  \\$aTitle from resource description page
=520  \\$aSite directed mutagenesis of whole plasmids is a simple way to create slightly different variations of an original plasmid. Here we demonstrate an easy and cost effective way to introduce base substitutions into a plasmid using standard reagents.
=521  \\$aFor undergraduate, graduate, and professional students
=546  \\$aEnglish
=650  \0$aBiology
=856  40$uhttps://www.jove.com/video/1135
=945  \\$aThe Whole World

