=LDR  00911ngm a2200000i 4500
=001  JoVEBiology1211
=008  161201s2016\\\\xx\\\\\g\\\\\\s\\\\\eng\d
=035  \\$a(OCoLC)733445860
=040  \\$aVaAlASP$cVaAlASP
=100  1\$aLiang,Jin
=245  12$aGross and Fine Dissection of Inner Ear Sensory Epithelia in Adult Zebrafish (Danio rerio)$h[electronic resource]
=260  \\$aCambridge, MA$bMyJoVE Corp$c2016
=300  \\$aonline resource (483 seconds)
=490  0\$aBiology
=500  \\$aTitle from resource description page
=520  \\$aThe inner ear sensory epithelium of adult zebrafish is a good model system for understanding the mechanisms of hair cell regeneration in adult vertebrates. This protocol demonstrates the fine dissection of the epithelia, through which we can get tissue samples for studying the regenerative events at cellular and subcellular levels.
=521  \\$aFor undergraduate, graduate, and professional students
=546  \\$aEnglish
=650  \0$aBiology
=856  40$uhttps://www.jove.com/video/1211
=945  \\$aThe Whole World

