=LDR  00865ngm a2200000i 4500
=001  JoVEBiology1113
=008  161201s2016\\\\xx\\\\\g\\\\\\s\\\\\eng\d
=035  \\$a(OCoLC)733445860
=040  \\$aVaAlASP$cVaAlASP
=100  1\$aYuan,Shiaulou
=245  12$aMicroinjection of mRNA and Morpholino Antisense Oligonucleotides in Zebrafish Embryos.$h[electronic resource]
=260  \\$aCambridge, MA$bMyJoVE Corp$c2016
=300  \\$aonline resource (693 seconds)
=490  0\$aBiology
=500  \\$aTitle from resource description page
=520  \\$aMicroinjection is a well-established and effective method for introducing foreign substances into fertilized zebrafish embryos. Here, we demonstrate a robust microinjection technique for performing mRNA overexpression, and morpholino oligonucleotide gene knockdown studies in zebrafish.
=521  \\$aFor undergraduate, graduate, and professional students
=546  \\$aEnglish
=650  \0$aBiology
=856  40$uhttps://www.jove.com/video/1113
=945  \\$aThe Whole World

