=LDR  00780ngm a2200000i 4500
=001  JoVEBiology1156
=008  161201s2016\\\\xx\\\\\g\\\\\\s\\\\\eng\d
=035  \\$a(OCoLC)733445860
=040  \\$aVaAlASP$cVaAlASP
=100  1\$aMurakami,Christopher
=245  12$aQuantifying Yeast Chronological Life Span by Outgrowth of Aged Cells$h[electronic resource]
=260  \\$aCambridge, MA$bMyJoVE Corp$c2016
=300  \\$aonline resource (744 seconds)
=490  0\$aBiology
=500  \\$aTitle from resource description page
=520  \\$aChronological aging in yeast refers to the loss of cell viability associated with time in stationary phase.  Here we describe a high-throughput method for quantitatively determining yeast chronological life span.
=521  \\$aFor undergraduate, graduate, and professional students
=546  \\$aEnglish
=650  \0$aBiology
=856  40$uhttps://www.jove.com/video/1156
=945  \\$aThe Whole World

