=LDR  00906ngm a2200000i 4500
=001  JoVEBiology1173
=008  161201s2016\\\\xx\\\\\g\\\\\\s\\\\\eng\d
=035  \\$a(OCoLC)733445860
=040  \\$aVaAlASP$cVaAlASP
=100  1\$aAnderl,Janet L
=245  12$aA Neuronal and Astrocyte Co-Culture Assay for High Content Analysis of Neurotoxicity$h[electronic resource]
=260  \\$aCambridge, MA$bMyJoVE Corp$c2016
=300  \\$aonline resource (904 seconds)
=490  0\$aBiology
=500  \\$aTitle from resource description page
=520  \\$aThis article describes a novel protocol and reagent set designed for sensitive measurement of neurotoxic effects of compounds and treatments on co-cultures of neurons and astrocytes using high content analysis. Results demonstrate that high content analysis represents an exciting novel technology for neurotoxicity assessment. 
=521  \\$aFor undergraduate, graduate, and professional students
=546  \\$aEnglish
=650  \0$aBiology
=856  40$uhttps://www.jove.com/video/1173
=945  \\$aThe Whole World

