=LDR  00712ngm a2200000i 4500
=001  JoVEBiology1040
=008  161201s2016\\\\xx\\\\\g\\\\\\s\\\\\eng\d
=035  \\$a(OCoLC)733445860
=040  \\$aVaAlASP$cVaAlASP
=100  1\$aPike,Carolyn M.
=245  12$aFabrication of Amperometric Electrodes$h[electronic resource]
=260  \\$aCambridge, MA$bMyJoVE Corp$c2016
=300  \\$aonline resource (509 seconds)
=490  0\$aBiology
=500  \\$aTitle from resource description page
=520  \\$aThis protocol describes how to generate carbon fiber electrodes.  The electrodes are subsequently used to detect catecholamine release from vesicles with carbon fiber amperometry.
=521  \\$aFor undergraduate, graduate, and professional students
=546  \\$aEnglish
=650  \0$aBiology
=856  40$uhttps://www.jove.com/video/1040
=945  \\$aThe Whole World

