=LDR  00859ngm a2200000i 4500
=001  JoVEBiology1137
=008  161201s2016\\\\xx\\\\\g\\\\\\s\\\\\eng\d
=035  \\$a(OCoLC)733445860
=040  \\$aVaAlASP$cVaAlASP
=100  1\$aPacak,Christina A.
=245  12$aFabrication of Myogenic Engineered Tissue Constructs$h[electronic resource]
=260  \\$aCambridge, MA$bMyJoVE Corp$c2016
=300  \\$aonline resource (823 seconds)
=490  0\$aBiology
=500  \\$aTitle from resource description page
=520  \\$aHere, we demonstrate fabrication of collagen-based, tissue constructs containing skeletal myoblasts.  These 3-D engineered constructs may be used to replace or repair tissues in vivo. For our purposes, we have designed these as an atrioventricular electrical conduit for the repair of complete heart block[1].
=521  \\$aFor undergraduate, graduate, and professional students
=546  \\$aEnglish
=650  \0$aBiology
=856  40$uhttps://www.jove.com/video/1137
=945  \\$aThe Whole World

