=LDR  00750ngm a2200000i 4500
=001  JoVEBiology1210
=008  161201s2016\\\\xx\\\\\g\\\\\\s\\\\\eng\d
=035  \\$a(OCoLC)733445860
=040  \\$aVaAlASP$cVaAlASP
=100  1\$aLim,Ed
=245  12$aIn vivo Bioluminescent Imaging of Mammary Tumors Using IVIS Spectrum$h[electronic resource]
=260  \\$aCambridge, MA$bMyJoVE Corp$c2016
=300  \\$aonline resource (533 seconds)
=490  0\$aBiology
=500  \\$aTitle from resource description page
=520  \\$aMammary tumor cells expressing luciferase are implanted subcutaneously in mice and visualized using optical imaging to monitor tumor growth and development non-invasively in a longitudinal study. 
=521  \\$aFor undergraduate, graduate, and professional students
=546  \\$aEnglish
=650  \0$aBiology
=856  40$uhttps://www.jove.com/video/1210
=945  \\$aThe Whole World

