=LDR  00749ngm a2200000i 4500
=001  JoVEBiology1142
=008  161201s2016\\\\xx\\\\\g\\\\\\s\\\\\eng\d
=035  \\$a(OCoLC)733445860
=040  \\$aVaAlASP$cVaAlASP
=100  1\$aShigetomi,Eiji
=245  12$aMeasuring Near Plasma Membrane and Global Intracellular Calcium Dynamics in Astrocytes$h[electronic resource]
=260  \\$aCambridge, MA$bMyJoVE Corp$c2016
=300  \\$aonline resource (768 seconds)
=490  0\$aBiology
=500  \\$aTitle from resource description page
=520  \\$aWe describe how to measure near membrane and global intracellular calcium dynamics in cultured astrocytes using total internal reflection and epifluorescence microscopy.
=521  \\$aFor undergraduate, graduate, and professional students
=546  \\$aEnglish
=650  \0$aBiology
=856  40$uhttps://www.jove.com/video/1142
=945  \\$aThe Whole World

