=LDR  00895ngm a2200000i 4500
=001  JoVEBiology1193
=008  161201s2016\\\\xx\\\\\g\\\\\\s\\\\\eng\d
=035  \\$a(OCoLC)733445860
=040  \\$aVaAlASP$cVaAlASP
=100  1\$aWhishaw,Ian Q.
=245  12$aA Video Demonstration of Preserved Piloting by Scent Tracking but Impaired Dead Reckoning After Fimbria-Fornix Lesions in the Rat$h[electronic resource]
=260  \\$aCambridge, MA$bMyJoVE Corp$c2016
=300  \\$aonline resource (517 seconds)
=490  0\$aBiology
=500  \\$aTitle from resource description page
=520  \\$aIn a piloting scent tracking task, the ability of the rats to return to a refuge with food using visual an odor trail or using dead reckoning in infrared light, the integrated record of previous movements, demonstrates that the hippocampus is necessary for dead reckoning.
=521  \\$aFor undergraduate, graduate, and professional students
=546  \\$aEnglish
=650  \0$aBiology
=856  40$uhttps://www.jove.com/video/1193
=945  \\$aThe Whole World

