=LDR  00879ngm a2200000i 4500
=001  JoVEBiology1098
=008  161201s2016\\\\xx\\\\\g\\\\\\s\\\\\eng\d
=035  \\$a(OCoLC)733445860
=040  \\$aVaAlASP$cVaAlASP
=100  1\$aNguyen,David P.
=245  12$aMicro-drive Array for Chronic in vivo Recording: Tetrode Assembly$h[electronic resource]
=260  \\$aCambridge, MA$bMyJoVE Corp$c2016
=300  \\$aonline resource (859 seconds)
=490  0\$aBiology
=500  \\$aTitle from resource description page
=520  \\$aIn this protocol we demonstrate how to fabricate and condition tetrodes for use with a micro-drive array, which was designed for chronic electrophysiological recordings in rats.  In addition, we illustrate the final stages of micro-drive array construction, which includes installing ground wires and a protective cone.
=521  \\$aFor undergraduate, graduate, and professional students
=546  \\$aEnglish
=650  \0$aBiology
=856  40$uhttps://www.jove.com/video/1098
=945  \\$aThe Whole World

