=LDR  00685ngm a2200000i 4500
=001  JoVEBiology1094
=008  161201s2016\\\\xx\\\\\g\\\\\\s\\\\\eng\d
=035  \\$a(OCoLC)733445860
=040  \\$aVaAlASP$cVaAlASP
=100  1\$aKloosterman,Fabian
=245  12$aMicro-drive Array for Chronic in vivo Recording: Drive Fabrication$h[electronic resource]
=260  \\$aCambridge, MA$bMyJoVE Corp$c2016
=300  \\$aonline resource (843 seconds)
=490  0\$aBiology
=500  \\$aTitle from resource description page
=520  \\$aIn this protocol we demonstrate how to fabricate a micro-drive array for chronic electrophysiological recordings in rats.
=521  \\$aFor undergraduate, graduate, and professional students
=546  \\$aEnglish
=650  \0$aBiology
=856  40$uhttps://www.jove.com/video/1094
=945  \\$aThe Whole World

