=LDR  00907ngm a2200000i 4500
=001  JoVEBiology1205
=008  161201s2016\\\\xx\\\\\g\\\\\\s\\\\\eng\d
=035  \\$a(OCoLC)733445860
=040  \\$aVaAlASP$cVaAlASP
=100  1\$aKarlgren,Anna
=245  12$aNon-radioactive in situ Hybridization Protocol Applicable for Norway Spruce and a Range of Plant Species$h[electronic resource]
=260  \\$aCambridge, MA$bMyJoVE Corp$c2016
=300  \\$aonline resource (716 seconds)
=490  0\$aBiology
=500  \\$aTitle from resource description page
=520  \\$aWe describe a modified DIG in situ hybridization protocol, which is fast and applicable on a wide range of plant species including Norway spruce. With just a few adjustments, including altered RNase treatment and proteinase K concentration, the protocol may be used in studies of different tissues and species.
=521  \\$aFor undergraduate, graduate, and professional students
=546  \\$aEnglish
=650  \0$aBiology
=856  40$uhttps://www.jove.com/video/1205
=945  \\$aThe Whole World

