=LDR  00719ngm a2200000i 4500
=001  JoVEBiology1121
=008  161201s2016\\\\xx\\\\\g\\\\\\s\\\\\eng\d
=035  \\$a(OCoLC)733445860
=040  \\$aVaAlASP$cVaAlASP
=100  1\$aHowlett,Iris C.
=245  12$aNeurocircuit Assays for Seizures in Epilepsy Mutants of Drosophila$h[electronic resource]
=260  \\$aCambridge, MA$bMyJoVE Corp$c2016
=300  \\$aonline resource (551 seconds)
=490  0\$aBiology
=500  \\$aTitle from resource description page
=520  \\$aUsing high frequency electrical stimulation, seizure-like activity can be induced in Drosophila. This activity is easily recorded from the giant fiber system.
=521  \\$aFor undergraduate, graduate, and professional students
=546  \\$aEnglish
=650  \0$aBiology
=856  40$uhttps://www.jove.com/video/1121
=945  \\$aThe Whole World

