=LDR  00811ngm a2200000i 4500
=001  JoVEBiology1170
=008  161201s2016\\\\xx\\\\\g\\\\\\s\\\\\eng\d
=035  \\$a(OCoLC)733445860
=040  \\$aVaAlASP$cVaAlASP
=100  1\$aYen,Judy
=245  12$aVaccinia Virus Infection & Temporal Analysis of Virus Gene Expression: Part 3$h[electronic resource]
=260  \\$aCambridge, MA$bMyJoVE Corp$c2016
=300  \\$aonline resource (455 seconds)
=490  0\$aBiology
=500  \\$aTitle from resource description page
=520  \\$aProtocol for Vaccinia infection of HeLa cells and analysis of host and viral gene expression.  Part 3 describes the process of fluorescently labeling the amplified RNA from both host and viral samples by amino allyl coupling of dyes. Part 3 of 3.
=521  \\$aFor undergraduate, graduate, and professional students
=546  \\$aEnglish
=650  \0$aBiology
=856  40$uhttps://www.jove.com/video/1170
=945  \\$aThe Whole World

