=LDR  00857ngm a2200000i 4500
=001  JoVEBiology1218
=008  161201s2016\\\\xx\\\\\g\\\\\\s\\\\\eng\d
=035  \\$a(OCoLC)733445860
=040  \\$aVaAlASP$cVaAlASP
=100  1\$aGutzman,Jennifer H.
=245  12$aZebrafish Brain Ventricle Injection$h[electronic resource]
=260  \\$aCambridge, MA$bMyJoVE Corp$c2016
=300  \\$aonline resource (508 seconds)
=490  0\$aBiology
=500  \\$aTitle from resource description page
=520  \\$aAfter neural tube formation, the neuroepithelium constricts and folds while the tube fills with embryonic cerebrospinal fluid (eCSF) to form the embryonic brain ventricles.  We developed this ventricle injection technique to better visualize the fluid filled space in contrast to the neuroepithelial shape in a live embryo.
=521  \\$aFor undergraduate, graduate, and professional students
=546  \\$aEnglish
=650  \0$aBiology
=856  40$uhttps://www.jove.com/video/1218
=945  \\$aThe Whole World

