=LDR  00831ngm a2200000i 4500
=001  JoVEBiology1191
=008  161201s2016\\\\xx\\\\\g\\\\\\s\\\\\eng\d
=035  \\$a(OCoLC)733445860
=040  \\$aVaAlASP$cVaAlASP
=100  1\$aAhmadian,Somaieh
=245  12$aCellular Toxicity of Nanogenomedicine in MCF-7 Cell Line: MTT assay$h[electronic resource]
=260  \\$aCambridge, MA$bMyJoVE Corp$c2016
=300  \\$aonline resource (1174 seconds)
=490  0\$aBiology
=500  \\$aTitle from resource description page
=520  \\$aThe MTT assay is an easy and reproducible colorimetric assay for evaluation of cell viability based on reduction of yellow MTT and production of water insoluble purple formazan. Here, the viability of MCF-7 cells upon treatment of nanogenomedicine has been evaluated.
=521  \\$aFor undergraduate, graduate, and professional students
=546  \\$aEnglish
=650  \0$aBiology
=856  40$uhttps://www.jove.com/video/1191
=945  \\$aThe Whole World

