=LDR  00860ngm a2200000i 4500
=001  JoVEBiology1217
=008  161201s2016\\\\xx\\\\\g\\\\\\s\\\\\eng\d
=035  \\$a(OCoLC)733445860
=040  \\$aVaAlASP$cVaAlASP
=100  1\$aGraeden,Ellie
=245  12$aLive Imaging of the Zebrafish Embryonic Brain by Confocal Microscopy$h[electronic resource]
=260  \\$aCambridge, MA$bMyJoVE Corp$c2016
=300  \\$aonline resource (431 seconds)
=490  0\$aBiology
=500  \\$aTitle from resource description page
=520  \\$aIn this video, we demonstrate a method by which to analyze the developing vertebrate brain in live zebrafish embryos at single cell resolution by confocal microscopy. This includes the method by which we inject the single-cell zebrafish embryo and subsequently mount and image the developing brain. 
=521  \\$aFor undergraduate, graduate, and professional students
=546  \\$aEnglish
=650  \0$aBiology
=856  40$uhttps://www.jove.com/video/1217
=945  \\$aThe Whole World

