=LDR  00629ngm a2200000i 4500
=001  JoVEBiology1108
=008  161201s2016\\\\xx\\\\\g\\\\\\s\\\\\eng\d
=035  \\$a(OCoLC)733445860
=040  \\$aVaAlASP$cVaAlASP
=100  1\$aBrent,Jonathan
=245  12$aDrosophila Larval NMJ Immunohistochemistry$h[electronic resource]
=260  \\$aCambridge, MA$bMyJoVE Corp$c2016
=300  \\$aonline resource (610 seconds)
=490  0\$aBiology
=500  \\$aTitle from resource description page
=520  \\$aThis protocol demonstrates how to perform immunohistochemistry on dissected Drosophila larva.
=521  \\$aFor undergraduate, graduate, and professional students
=546  \\$aEnglish
=650  \0$aBiology
=856  40$uhttps://www.jove.com/video/1108
=945  \\$aThe Whole World

