=LDR  00850ngm a2200000i 4500
=001  JoVEBiology1120
=008  161201s2016\\\\xx\\\\\g\\\\\\s\\\\\eng\d
=035  \\$a(OCoLC)733445860
=040  \\$aVaAlASP$cVaAlASP
=100  1\$aCosta-Borges,Nuno
=245  12$aCollection and Cryopreservation of Hamster Oocytes and Mouse Embryos$h[electronic resource]
=260  \\$aCambridge, MA$bMyJoVE Corp$c2016
=300  \\$aonline resource (816 seconds)
=490  0\$aBiology
=500  \\$aTitle from resource description page
=520  \\$aIn this video-article we present a step-by-step demonstration on how to collect and cryopreserve hamster oocytes with high post-thaw survival rates. The same procedure can also be applied to successfully freeze and thaw mouse embryos at different stages of preimplantation development.
=521  \\$aFor undergraduate, graduate, and professional students
=546  \\$aEnglish
=650  \0$aBiology
=856  40$uhttps://www.jove.com/video/1120
=945  \\$aThe Whole World

