=LDR  00976ngm a2200000i 4500
=001  JoVEBiology1229
=008  161201s2016\\\\xx\\\\\g\\\\\\s\\\\\eng\d
=035  \\$a(OCoLC)733445860
=040  \\$aVaAlASP$cVaAlASP
=100  1\$aBrend,Tim
=245  12$aZebrafish Whole Mount High-Resolution Double Fluorescent In Situ Hybridization$h[electronic resource]
=260  \\$aCambridge, MA$bMyJoVE Corp$c2016
=300  \\$aonline resource (751 seconds)
=490  0\$aBiology
=500  \\$aTitle from resource description page
=520  \\$aWhole mount in situ hybridization is one of the most widely used techniques in developmental biology.  Here, we present a high-resolution double fluorescent in situ hybridization protocol for analyzing the precise expression pattern of a single gene and for determining the overlap of the expression domains of two genes.  We include a propidium iodide nuclear counter-stain to highlight tissue organization. 
=521  \\$aFor undergraduate, graduate, and professional students
=546  \\$aEnglish
=650  \0$aBiology
=856  40$uhttps://www.jove.com/video/1229
=945  \\$aThe Whole World

