=LDR  00787ngm a2200000i 4500
=001  JoVEBiology1207
=008  161201s2016\\\\xx\\\\\g\\\\\\s\\\\\eng\d
=035  \\$a(OCoLC)733445860
=040  \\$aVaAlASP$cVaAlASP
=100  1\$aGutierrez,Gabrielle J.
=245  12$aCancer Borealis Stomatogastric Nervous System Dissection$h[electronic resource]
=260  \\$aCambridge, MA$bMyJoVE Corp$c2016
=300  \\$aonline resource (1117 seconds)
=490  0\$aBiology
=500  \\$aTitle from resource description page
=520  \\$aThe stomatogastric nervous system (STNS) of the Jonah crab (C. borealis) can be used for electrophysiology, immunohistochemistry, and cell culture studies. The STNS extraction is done in two parts: the gross and fine dissection.
=521  \\$aFor undergraduate, graduate, and professional students
=546  \\$aEnglish
=650  \0$aBiology
=856  40$uhttps://www.jove.com/video/1207
=945  \\$aThe Whole World

