=LDR  00849ngm a2200000i 4500
=001  JoVEBiology1182
=008  161201s2016\\\\xx\\\\\g\\\\\\s\\\\\eng\d
=035  \\$a(OCoLC)733445860
=040  \\$aVaAlASP$cVaAlASP
=100  1\$aLorenz,W. Walter
=245  12$aProcessing the Loblolly Pine PtGen2 cDNA Microarray$h[electronic resource]
=260  \\$aCambridge, MA$bMyJoVE Corp$c2016
=300  \\$aonline resource (421 seconds)
=490  0\$aBiology
=500  \\$aTitle from resource description page
=520  \\$aThe cDNA microarray PtGen2 was developed for gene expression studies in loblolly pine, P. taeda, and other conifer species.  Here, we show pre- and post-hybridization handling and washing techniques that can be used with this array to yield better consistency, reduced artifacts, and lower backgrounds.
=521  \\$aFor undergraduate, graduate, and professional students
=546  \\$aEnglish
=650  \0$aBiology
=856  40$uhttps://www.jove.com/video/1182
=945  \\$aThe Whole World

