=LDR  00661ngm a2200000i 4500
=001  JoVEBiology1104
=008  161201s2016\\\\xx\\\\\g\\\\\\s\\\\\eng\d
=035  \\$a(OCoLC)733445860
=040  \\$aVaAlASP$cVaAlASP
=100  1\$aYusuf,Rushdia Z.
=245  12$aHoming of Hematopoietic Cells to the Bone Marrow$h[electronic resource]
=260  \\$aCambridge, MA$bMyJoVE Corp$c2016
=300  \\$aonline resource (640 seconds)
=490  0\$aBiology
=500  \\$aTitle from resource description page
=520  \\$aThis article describes a protocol used to study the homing of hematopoietic cells to their niches in the bone marrow.
=521  \\$aFor undergraduate, graduate, and professional students
=546  \\$aEnglish
=650  \0$aBiology
=856  40$uhttps://www.jove.com/video/1104
=945  \\$aThe Whole World

