=LDR  00969ngm a2200000i 4500
=001  JoVEBiology1133
=008  161201s2016\\\\xx\\\\\g\\\\\\s\\\\\eng\d
=035  \\$a(OCoLC)733445860
=040  \\$aVaAlASP$cVaAlASP
=100  1\$aHornstein,Nicholas J.
=245  12$aChannelrhodopsin2 Mediated Stimulation of Synaptic Potentials at Drosophila Neuromuscular Junctions$h[electronic resource]
=260  \\$aCambridge, MA$bMyJoVE Corp$c2016
=300  \\$aonline resource (552 seconds)
=490  0\$aBiology
=500  \\$aTitle from resource description page
=520  \\$aThis procedure uses a blue light-activated algal channel and cell-specific genetic expression tools to evoke synaptic potentials with light pulses at the neuromuscular junction (NMJ) in Drosophila larvae. This technique is an inexpensive and easy-to-use alternative to suction electrode stimulation for synaptic physiology studies in research and teaching laboratories.
=521  \\$aFor undergraduate, graduate, and professional students
=546  \\$aEnglish
=650  \0$aBiology
=856  40$uhttps://www.jove.com/video/1133
=945  \\$aThe Whole World

