=LDR  00919ngm a2200000i 4500
=001  JoVEBiology1206
=008  161201s2016\\\\xx\\\\\g\\\\\\s\\\\\eng\d
=035  \\$a(OCoLC)733445860
=040  \\$aVaAlASP$cVaAlASP
=100  1\$aReed,Bruce H.
=245  12$aThe Preparation of Drosophila Embryos for Live-Imaging Using the Hanging Drop Protocol$h[electronic resource]
=260  \\$aCambridge, MA$bMyJoVE Corp$c2016
=300  \\$aonline resource (537 seconds)
=490  0\$aBiology
=500  \\$aTitle from resource description page
=520  \\$aA simple, inexpensive, and effective method of preparing Drosophila embryos for live-imaging analysis is presented.  Our protocol provides humidity and gas exchange and does not compress the Drosophila embryo.  This method is suitable for GFP-based live imaging of Drosophila embryos using a stereomicroscope or upright compound microscope.
=521  \\$aFor undergraduate, graduate, and professional students
=546  \\$aEnglish
=650  \0$aBiology
=856  40$uhttps://www.jove.com/video/1206
=945  \\$aThe Whole World

