=LDR  00756ngm a2200000i 4500
=001  JoVEBiology1263
=008  161201s2016\\\\xx\\\\\g\\\\\\s\\\\\eng\d
=035  \\$a(OCoLC)733445860
=040  \\$aVaAlASP$cVaAlASP
=100  1\$aDurachko,Daniel M.
=245  12$aMeasuring Plant Cell Wall Extension (Creep) Induced by Acidic pH and by Alpha-Expansin$h[electronic resource]
=260  \\$aCambridge, MA$bMyJoVE Corp$c2016
=300  \\$aonline resource (591 seconds)
=490  0\$aBiology
=500  \\$aTitle from resource description page
=520  \\$aWe demonstrate the use of a constant-force extensometer  to measure long-term extension (creep) of plant cell wall specimens induced by acidic buffers and expansin protein.
=521  \\$aFor undergraduate, graduate, and professional students
=546  \\$aEnglish
=650  \0$aBiology
=856  40$uhttps://www.jove.com/video/1263
=945  \\$aThe Whole World

