=LDR  00748ngm a2200000i 4500
=001  JoVEBiology1115
=008  161201s2016\\\\xx\\\\\g\\\\\\s\\\\\eng\d
=035  \\$a(OCoLC)733445860
=040  \\$aVaAlASP$cVaAlASP
=100  1\$aRosen,Jonathan N.
=245  12$aMicroinjection of Zebrafish Embryos to Analyze Gene Function$h[electronic resource]
=260  \\$aCambridge, MA$bMyJoVE Corp$c2016
=300  \\$aonline resource (438 seconds)
=490  0\$aBiology
=500  \\$aTitle from resource description page
=520  \\$aThis video shows how morpholino or mRNA can be injected into zebrafish embryos at the one-cell stage to decrease or increase the level of specific gene products during subsequent development.
=521  \\$aFor undergraduate, graduate, and professional students
=546  \\$aEnglish
=650  \0$aBiology
=856  40$uhttps://www.jove.com/video/1115
=945  \\$aThe Whole World

