=LDR  00874ngm a2200000i 4500
=001  JoVEBiology1167
=008  161201s2016\\\\xx\\\\\g\\\\\\s\\\\\eng\d
=035  \\$a(OCoLC)733445860
=040  \\$aVaAlASP$cVaAlASP
=100  1\$aJames,Eddie A.
=245  12$aVisualizing Antigen Specific CD4+ T Cells using MHC Class II Tetramers$h[electronic resource]
=260  \\$aCambridge, MA$bMyJoVE Corp$c2016
=300  \\$aonline resource (942 seconds)
=490  0\$aBiology
=500  \\$aTitle from resource description page
=520  \\$aThis procedure demonstrates the purification and in vitro expansion of antigen specific CD4+ T cells from whole peripheral blood and their visualization using MHC class II tetramers.  Tetramers permit the direct visualization of T cells with a single antigen specificity and defined MHC class II restriction.

=521  \\$aFor undergraduate, graduate, and professional students
=546  \\$aEnglish
=650  \0$aBiology
=856  40$uhttps://www.jove.com/video/1167
=945  \\$aThe Whole World

