=LDR  00898ngm a2200000i 4500
=001  JoVEBiology1225
=008  161201s2016\\\\xx\\\\\g\\\\\\s\\\\\eng\d
=035  \\$a(OCoLC)733445860
=040  \\$aVaAlASP$cVaAlASP
=100  1\$aChao,Jesse Tzu-Cheng
=245  12$aIdentification of protein complexes with quantitative proteomics in S. cerevisiae$h[electronic resource]
=260  \\$aCambridge, MA$bMyJoVE Corp$c2016
=300  \\$aonline resource (672 seconds)
=490  0\$aBiology
=500  \\$aTitle from resource description page
=520  \\$aHere we describe a new quantitative proteomics technique for identifying protein complexes in Saccharomyces cerevisiae. In this study, we have used the SILAC method together with affinity purification followed by tandem mass spectrometry to identify with high specificity the binding partners of an ER protein, Scs2p.
=521  \\$aFor undergraduate, graduate, and professional students
=546  \\$aEnglish
=650  \0$aBiology
=856  40$uhttps://www.jove.com/video/1225
=945  \\$aThe Whole World

