=LDR  00931ngm a2200000i 4500
=001  JoVEBiology1224
=008  161201s2016\\\\xx\\\\\g\\\\\\s\\\\\eng\d
=035  \\$a(OCoLC)733445860
=040  \\$aVaAlASP$cVaAlASP
=100  1\$aTavassoli,Shabnam
=245  12$aA high-throughput method to globally study the organelle morphology in S. cerevisiae$h[electronic resource]
=260  \\$aCambridge, MA$bMyJoVE Corp$c2016
=300  \\$aonline resource (449 seconds)
=490  0\$aBiology
=500  \\$aTitle from resource description page
=520  \\$aGFP-fusion proteins are widely used to visualize organelles by confocal microscopy. However, screening for mutations that affect the morphology of organelles generally requires individual mutagenesis and is time consuming. Here, we demonstrate a method to simultaneously incorporate organelle-GFP markers in almost 5,000 non-essential genes in yeast.
=521  \\$aFor undergraduate, graduate, and professional students
=546  \\$aEnglish
=650  \0$aBiology
=856  40$uhttps://www.jove.com/video/1224
=945  \\$aThe Whole World

