=LDR  00750ngm a2200000i 4500
=001  JoVEBiology1118
=008  161201s2016\\\\xx\\\\\g\\\\\\s\\\\\eng\d
=035  \\$a(OCoLC)733445860
=040  \\$aVaAlASP$cVaAlASP
=100  1\$aBoni,Luigi
=245  12$aLaparoscopic Left Liver Sectoriectomy of Caroli's Disease Limited to Segment II and III$h[electronic resource]
=260  \\$aCambridge, MA$bMyJoVE Corp$c2016
=300  \\$aonline resource (281 seconds)
=490  0\$aBiology
=500  \\$aTitle from resource description page
=520  \\$aThis video presents a case of laparoscopic left liver sectoriectomy perfomed in a 53 year old man suffering from Caroli's disease limited to segment II and III of the liver.
=521  \\$aFor undergraduate, graduate, and professional students
=546  \\$aEnglish
=650  \0$aBiology
=856  40$uhttps://www.jove.com/video/1118
=945  \\$aThe Whole World

