=LDR  00922ngm a2200000i 4500
=001  JoVEBiology1165
=008  161201s2016\\\\xx\\\\\g\\\\\\s\\\\\eng\d
=035  \\$a(OCoLC)733445860
=040  \\$aVaAlASP$cVaAlASP
=100  1\$aRichmond,Janet
=245  12$aDissecting and Recording from The C. Elegans Neuromuscular Junction$h[electronic resource]
=260  \\$aCambridge, MA$bMyJoVE Corp$c2016
=300  \\$aonline resource (919 seconds)
=490  0\$aBiology
=500  \\$aTitle from resource description page
=520  \\$aApplication of electrophysiology to accessible synapses provides a quantifiable measure of synaptic activity, useful in analyzing synaptic mutants.   This article describes a dissection method used to expose the neuromuscular junctions (NMJ) of Caenorhabditis elegans (C. elegans) and briefly discusses some of the uses to which this preparation can be applied.
=521  \\$aFor undergraduate, graduate, and professional students
=546  \\$aEnglish
=650  \0$aBiology
=856  40$uhttps://www.jove.com/video/1165
=945  \\$aThe Whole World

