=LDR  00742ngm a2200000i 4500
=001  JoVEBiology1106
=008  161201s2016\\\\xx\\\\\g\\\\\\s\\\\\eng\d
=035  \\$a(OCoLC)733445860
=040  \\$aVaAlASP$cVaAlASP
=100  1\$aCohen,Sarah
=245  12$aMicroinjection of Xenopus Laevis Oocytes$h[electronic resource]
=260  \\$aCambridge, MA$bMyJoVE Corp$c2016
=300  \\$aonline resource (730 seconds)
=490  0\$aBiology
=500  \\$aTitle from resource description page
=520  \\$aHere we demonstrate cytoplasmic microinjection of Xenopus laevis oocytes with a nuclear import substrate, as well as preparation of the injected oocytes for visualization by thin-sectioning electron microscopy.

=521  \\$aFor undergraduate, graduate, and professional students
=546  \\$aEnglish
=650  \0$aBiology
=856  40$uhttps://www.jove.com/video/1106
=945  \\$aThe Whole World

