=LDR  00800ngm a2200000i 4500
=001  JoVEBiology1096
=008  161201s2016\\\\xx\\\\\g\\\\\\s\\\\\eng\d
=035  \\$a(OCoLC)733445860
=040  \\$aVaAlASP$cVaAlASP
=100  1\$aSlawson,Justin B.
=245  12$aHigh-Resolution Video Tracking of Locomotion in Adult Drosophila Melanogaster$h[electronic resource]
=260  \\$aCambridge, MA$bMyJoVE Corp$c2016
=300  \\$aonline resource (548 seconds)
=490  0\$aBiology
=500  \\$aTitle from resource description page
=520  \\$aThe study of complex locomotor behavior in Drosophila melanogaster is dependent upon the ability to quantify changes in a given fly's movement.  This article demonstrates how to do this using a high-resolution tracking system.
=521  \\$aFor undergraduate, graduate, and professional students
=546  \\$aEnglish
=650  \0$aBiology
=856  40$uhttps://www.jove.com/video/1096
=945  \\$aThe Whole World

