=LDR  00954ngm a2200000i 4500
=001  JoVEBiology1086
=008  161201s2016\\\\xx\\\\\g\\\\\\s\\\\\eng\d
=035  \\$a(OCoLC)733445860
=040  \\$aVaAlASP$cVaAlASP
=100  1\$aPoretsky,Rachel S.
=245  12$aAnalyzing Gene Expression from Marine Microbial Communities using Environmental Transcriptomics$h[electronic resource]
=260  \\$aCambridge, MA$bMyJoVE Corp$c2016
=300  \\$aonline resource (831 seconds)
=490  0\$aBiology
=500  \\$aTitle from resource description page
=520  \\$aWe present a method for generating cDNA from environmental mRNA. In general, total RNA is first collected from the environment, rRNA is selectively removed, mRNA is selectively amplified, and cDNA synthesized from the enriched mRNA pool is sequenced. Recovered sequences can be annotated using standard bioinformatics techniques to identify the expressed genes.
=521  \\$aFor undergraduate, graduate, and professional students
=546  \\$aEnglish
=650  \0$aBiology
=856  40$uhttps://www.jove.com/video/1086
=945  \\$aThe Whole World

