=LDR  00738ngm a2200000i 4500
=001  JoVEBiology1129
=008  161201s2016\\\\xx\\\\\g\\\\\\s\\\\\eng\d
=035  \\$a(OCoLC)733445860
=040  \\$aVaAlASP$cVaAlASP
=100  1\$aO'Brien,Georgeann S.
=245  12$aTwo-photon axotomy and time-lapse confocal imaging in live zebrafish embryos$h[electronic resource]
=260  \\$aCambridge, MA$bMyJoVE Corp$c2016
=300  \\$aonline resource (741 seconds)
=490  0\$aBiology
=500  \\$aTitle from resource description page
=520  \\$aHere we describe a method for mounting zebrafish embryos for long-term imaging, two-photon imaging and tissue-damage techniques, and time-lapse confocal imaging. 
=521  \\$aFor undergraduate, graduate, and professional students
=546  \\$aEnglish
=650  \0$aBiology
=856  40$uhttps://www.jove.com/video/1129
=945  \\$aThe Whole World

