=LDR  00825ngm a2200000i 4500
=001  JoVEBiology1027
=008  161201s2016\\\\xx\\\\\g\\\\\\s\\\\\eng\d
=035  \\$a(OCoLC)733445860
=040  \\$aVaAlASP$cVaAlASP
=100  1\$aPsychoyos,Delphine
=245  12$aAssay for Neural Induction in the Chick Embryo$h[electronic resource]
=260  \\$aCambridge, MA$bMyJoVE Corp$c2016
=300  \\$aonline resource (674 seconds)
=490  0\$aBiology
=500  \\$aTitle from resource description page
=520  \\$aNeural induction is the first step in the formation of the brain. It is a mechanism by which Hensen's node (organizer), instructs adjacent tissue to adopt a neural fate, i.e. to give rise to the nervous system. This video demonstrates an assay for neural induction in chick embryo.
=521  \\$aFor undergraduate, graduate, and professional students
=546  \\$aEnglish
=650  \0$aBiology
=856  40$uhttps://www.jove.com/video/1027
=945  \\$aThe Whole World

