=LDR  00925ngm a2200000i 4500
=001  JoVEBiology1009
=008  161201s2016\\\\xx\\\\\g\\\\\\s\\\\\eng\d
=035  \\$a(OCoLC)733445860
=040  \\$aVaAlASP$cVaAlASP
=100  1\$aWiese,Georg
=245  12$aAnalysis of Physiologic E-Selectin-Mediated Leukocyte Rolling on Microvascular Endothelium$h[electronic resource]
=260  \\$aCambridge, MA$bMyJoVE Corp$c2016
=300  \\$aonline resource (856 seconds)
=490  0\$aBiology
=500  \\$aTitle from resource description page
=520  \\$aThis report provides a visual depiction of parallel-plate flow chamber analysis for studying leukocyte endothelial interactions under physiologic shear stress.  This method is particularly useful for investigating the role of endothelial (E)-selectin and leukocyte E-selectin ligands that trigger leukocyte rolling on endothelial cell surfaces.
=521  \\$aFor undergraduate, graduate, and professional students
=546  \\$aEnglish
=650  \0$aBiology
=856  40$uhttps://www.jove.com/video/1009
=945  \\$aThe Whole World

