=LDR  00844ngm a2200000i 4500
=001  JoVEBiology1105
=008  161201s2016\\\\xx\\\\\g\\\\\\s\\\\\eng\d
=035  \\$a(OCoLC)733445860
=040  \\$aVaAlASP$cVaAlASP
=100  1\$aWu,Winco W.H.
=245  12$aPurification and Visualization of Influenza A Viral Ribonucleoprotein Complexes$h[electronic resource]
=260  \\$aCambridge, MA$bMyJoVE Corp$c2016
=300  \\$aonline resource (575 seconds)
=490  0\$aBiology
=500  \\$aTitle from resource description page
=520  \\$aThe genome of the influenza A virus consists of eight separate complexes of RNA and proteins, termed viral ribonucleoprotein complexes (vRNPs). This paper describes the glycerol gradient purification and transmission electron microscopy visualization of influenza A vRNPs.
=521  \\$aFor undergraduate, graduate, and professional students
=546  \\$aEnglish
=650  \0$aBiology
=856  40$uhttps://www.jove.com/video/1105
=945  \\$aThe Whole World

