=LDR  00900ngm a2200000i 4500
=001  JoVEBiology1109
=008  161201s2016\\\\xx\\\\\g\\\\\\s\\\\\eng\d
=035  \\$a(OCoLC)733445860
=040  \\$aVaAlASP$cVaAlASP
=100  1\$aImlach,Wendy
=245  12$aElectrophysiological Methods for Recording Synaptic Potentials from the NMJ of Drosophila Larvae$h[electronic resource]
=260  \\$aCambridge, MA$bMyJoVE Corp$c2016
=300  \\$aonline resource (346 seconds)
=490  0\$aBiology
=500  \\$aTitle from resource description page
=520  \\$aHere we describe electrophysiological methods for measuring synaptic transmission at the neuromuscular junction of Drosophila larva. Evoked release is initiated artificially by stimulating the motor neuron axons, and transmission through the NMJ can be measured by the postsynaptic response evoked in the muscle.
=521  \\$aFor undergraduate, graduate, and professional students
=546  \\$aEnglish
=650  \0$aBiology
=856  40$uhttps://www.jove.com/video/1109
=945  \\$aThe Whole World

