=LDR  00675ngm a2200000i 4500
=001  JoVEBiology1107
=008  161201s2016\\\\xx\\\\\g\\\\\\s\\\\\eng\d
=035  \\$a(OCoLC)733445860
=040  \\$aVaAlASP$cVaAlASP
=100  1\$aBrent,Jonathan R.
=245  12$aDrosophila Larval NMJ Dissection$h[electronic resource]
=260  \\$aCambridge, MA$bMyJoVE Corp$c2016
=300  \\$aonline resource (402 seconds)
=490  0\$aBiology
=500  \\$aTitle from resource description page
=520  \\$aThis protocol demonstrates how to dissect Drosophila larvae in preparation for immunohistochemistry and/or imaging of the neuromuscular junction. 
=521  \\$aFor undergraduate, graduate, and professional students
=546  \\$aEnglish
=650  \0$aBiology
=856  40$uhttps://www.jove.com/video/1107
=945  \\$aThe Whole World

