=LDR  00788ngm a2200000i 4500
=001  JoVEBiology956
=008  161201s2016\\\\xx\\\\\g\\\\\\s\\\\\eng\d
=035  \\$a(OCoLC)733445860
=040  \\$aVaAlASP$cVaAlASP
=100  1\$aPsychoyos,Delphine
=245  12$aMethod for Whole Mount Antibody Staining in Chick$h[electronic resource]
=260  \\$aCambridge, MA$bMyJoVE Corp$c2016
=300  \\$aonline resource (613 seconds)
=490  0\$aBiology
=500  \\$aTitle from resource description page
=520  \\$aThis video demonstrates whole mount immunohistochemistry, a method by which the spatial and temporal expression pattern of an antigen can be visualized in young chick embryos. This method was originally introduced by Jane Dodd and Tom Jessell.
=521  \\$aFor undergraduate, graduate, and professional students
=546  \\$aEnglish
=650  \0$aBiology
=856  40$uhttps://www.jove.com/video/956
=945  \\$aThe Whole World

