=LDR  00715ngm a2200000i 4500
=001  JoVEBiology988
=008  161201s2016\\\\xx\\\\\g\\\\\\s\\\\\eng\d
=035  \\$a(OCoLC)733445860
=040  \\$aVaAlASP$cVaAlASP
=100  1\$aZareen,Neela
=245  12$aProtocol for Culturing Sympathetic Neurons from Rat Superior Cervical Ganglia (SCG)$h[electronic resource]
=260  \\$aCambridge, MA$bMyJoVE Corp$c2016
=300  \\$aonline resource (709 seconds)
=490  0\$aBiology
=500  \\$aTitle from resource description page
=520  \\$aThis is a protocol describing how to isolate and culture primary sympathetic neurons from superior cervical ganglia (SCG) of newborn rat pups.
=521  \\$aFor undergraduate, graduate, and professional students
=546  \\$aEnglish
=650  \0$aBiology
=856  40$uhttps://www.jove.com/video/988
=945  \\$aThe Whole World

