=LDR  00832ngm a2200000i 4500
=001  JoVEBiology949
=008  161201s2016\\\\xx\\\\\g\\\\\\s\\\\\eng\d
=035  \\$a(OCoLC)733445860
=040  \\$aVaAlASP$cVaAlASP
=100  1\$aM. Witt,Rochelle
=245  12$aOlfactory Behavioral Testing in the Adult Mouse$h[electronic resource]
=260  \\$aCambridge, MA$bMyJoVE Corp$c2016
=300  \\$aonline resource (540 seconds)
=490  0\$aBiology
=500  \\$aTitle from resource description page
=520  \\$aFundamental, yet unique properties of the rodent olfactory system have led to its increasing study among biologists.  A relatively simple assessment of its function is then also needed.  Here we describe sensitive tests for the characterization of mouse olfactory sensitivity and preference.
=521  \\$aFor undergraduate, graduate, and professional students
=546  \\$aEnglish
=650  \0$aBiology
=856  40$uhttps://www.jove.com/video/949
=945  \\$aThe Whole World

