=LDR  00746ngm a2200000i 4500
=001  JoVEBiology1110
=008  161201s2016\\\\xx\\\\\g\\\\\\s\\\\\eng\d
=035  \\$a(OCoLC)733445860
=040  \\$aVaAlASP$cVaAlASP
=100  1\$aFrye,Mark A.
=245  12$aVisually Mediated Odor Tracking During Flight in Drosophila$h[electronic resource]
=260  \\$aCambridge, MA$bMyJoVE Corp$c2016
=300  \\$aonline resource (530 seconds)
=490  0\$aBiology
=500  \\$aTitle from resource description page
=520  \\$aHere we describe how to optimize the acquired video image for an olfactory magnetic-tether (OMT) apparatus. We also describe two sample experimental protocols for studying visuo-olfactory fusion.
=521  \\$aFor undergraduate, graduate, and professional students
=546  \\$aEnglish
=650  \0$aBiology
=856  40$uhttps://www.jove.com/video/1110
=945  \\$aThe Whole World

