=LDR  00755ngm a2200000i 4500
=001  JoVEBiology1034
=008  161201s2016\\\\xx\\\\\g\\\\\\s\\\\\eng\d
=035  \\$a(OCoLC)733445860
=040  \\$aVaAlASP$cVaAlASP
=100  1\$aHuang,Ngan F.
=245  12$aEmbryonic Stem Cell-Derived Endothelial Cells for Treatment of Hindlimb Ischemia$h[electronic resource]
=260  \\$aCambridge, MA$bMyJoVE Corp$c2016
=300  \\$aonline resource (551 seconds)
=490  0\$aBiology
=500  \\$aTitle from resource description page
=520  \\$aThe surgical procedure for delivery of embryonic stem cell-derived endothelial cells to the ischemic hindlimb is demonstrated, with non-invasive tracking by bioluminescence imaging. 
=521  \\$aFor undergraduate, graduate, and professional students
=546  \\$aEnglish
=650  \0$aBiology
=856  40$uhttps://www.jove.com/video/1034
=945  \\$aThe Whole World

