=LDR  00680ngm a2200000i 4500
=001  JoVEBiology1035
=008  161201s2016\\\\xx\\\\\g\\\\\\s\\\\\eng\d
=035  \\$a(OCoLC)733445860
=040  \\$aVaAlASP$cVaAlASP
=100  1\$aNiiyama,Hiroshi
=245  12$aMurine Model of Hindlimb Ischemia $h[electronic resource]
=260  \\$aCambridge, MA$bMyJoVE Corp$c2016
=300  \\$aonline resource (771 seconds)
=490  0\$aBiology
=500  \\$aTitle from resource description page
=520  \\$aThe surgical procedure for induction of unilateral hindlimb ischemia is demonstrated, with confirmation of ischemia by laser Doppler perfusion imaging.
=521  \\$aFor undergraduate, graduate, and professional students
=546  \\$aEnglish
=650  \0$aBiology
=856  40$uhttps://www.jove.com/video/1035
=945  \\$aThe Whole World

