=LDR  00875ngm a2200000i 4500
=001  JoVEBiology1067
=008  161201s2016\\\\xx\\\\\g\\\\\\s\\\\\eng\d
=035  \\$a(OCoLC)733445860
=040  \\$aVaAlASP$cVaAlASP
=100  1\$aBarreto-Chang,Odmara L
=245  12$aCalcium Imaging of Cortical Neurons using Fura-2 AM$h[electronic resource]
=260  \\$aCambridge, MA$bMyJoVE Corp$c2016
=300  \\$aonline resource (735 seconds)
=490  0\$aBiology
=500  \\$aTitle from resource description page
=520  \\$aCalcium signals play a key role in many cellular processes including gene expression, survival and differentiation. Here we demonstrate how to perform calcium imaging using Fura-2 AM. Calcium imaging is a valuable tool to study the regulation of intracellular calcium in real time and its regulation of signaling cascades.
=521  \\$aFor undergraduate, graduate, and professional students
=546  \\$aEnglish
=650  \0$aBiology
=856  40$uhttps://www.jove.com/video/1067
=945  \\$aThe Whole World

