=LDR  00736ngm a2200000i 4500
=001  JoVEBiology990
=008  161201s2016\\\\xx\\\\\g\\\\\\s\\\\\eng\d
=035  \\$a(OCoLC)733445860
=040  \\$aVaAlASP$cVaAlASP
=100  1\$aLee,Hae Young
=245  12$aIsolation and Culture of Post-Natal Mouse Cerebellar Granule Neuron Progenitor Cells and Neurons $h[electronic resource]
=260  \\$aCambridge, MA$bMyJoVE Corp$c2016
=300  \\$aonline resource (964 seconds)
=490  0\$aBiology
=500  \\$aTitle from resource description page
=520  \\$aHere we present a method to isolate and culture cerebellar granule neuron progenitor cells and cerebellar granule neurons from postnatal mouse. 


=521  \\$aFor undergraduate, graduate, and professional students
=546  \\$aEnglish
=650  \0$aBiology
=856  40$uhttps://www.jove.com/video/990
=945  \\$aThe Whole World

