=LDR  00913ngm a2200000i 4500
=001  JoVEBiology1092
=008  161201s2016\\\\xx\\\\\g\\\\\\s\\\\\eng\d
=035  \\$a(OCoLC)733445860
=040  \\$aVaAlASP$cVaAlASP
=100  1\$aAngst,Martin S
=245  12$aDetermining heat and mechanical pain threshold in inflamed skin of human subjects$h[electronic resource]
=260  \\$aCambridge, MA$bMyJoVE Corp$c2016
=300  \\$aonline resource (801 seconds)
=490  0\$aBiology
=500  \\$aTitle from resource description page
=520  \\$aAlgorithms assessing heat and mechanical pain thresholds in experimentally inflamed skin of human study subjects are shown.  The two pain testing paradigms independently examine nociceptive processing by the two major peripheral nerve fiber populations transmitting pain, i.e., non-myelinated C fibers and small myelinated A-delta fibers.
=521  \\$aFor undergraduate, graduate, and professional students
=546  \\$aEnglish
=650  \0$aBiology
=856  40$uhttps://www.jove.com/video/1092
=945  \\$aThe Whole World

