=LDR  00934ngm a2200000i 4500
=001  JoVEBiology1071
=008  161201s2016\\\\xx\\\\\g\\\\\\s\\\\\eng\d
=035  \\$a(OCoLC)733445860
=040  \\$aVaAlASP$cVaAlASP
=100  1\$aRahimi,Farid
=245  12$aPhoto-Induced Cross-Linking of Unmodified Proteins (PICUP) Applied to Amyloidogenic Peptides$h[electronic resource]
=260  \\$aCambridge, MA$bMyJoVE Corp$c2016
=300  \\$aonline resource (520 seconds)
=490  0\$aBiology
=500  \\$aTitle from resource description page
=520  \\$aPhoto-induced cross-linking of unmodified proteins (PICUP) allows characterization of oligomer size distribution in metastable protein mixtures. We demonstrate application of PICUP to three representative amyloidogenic peptides the 40- and 42-residue forms of amyloid β-protein, and calcitonin, and a control peptide growth-hormone releasing factor.
=521  \\$aFor undergraduate, graduate, and professional students
=546  \\$aEnglish
=650  \0$aBiology
=856  40$uhttps://www.jove.com/video/1071
=945  \\$aThe Whole World

