=LDR  00777ngm a2200000i 4500
=001  JoVEBiology1026
=008  161201s2016\\\\xx\\\\\g\\\\\\s\\\\\eng\d
=035  \\$a(OCoLC)733445860
=040  \\$aVaAlASP$cVaAlASP
=100  1\$aKroeger,Kelly
=245  12$aThe Preparation of Primary Hematopoietic Cell Cultures From Murine Bone Marrow for Electroporation$h[electronic resource]
=260  \\$aCambridge, MA$bMyJoVE Corp$c2016
=300  \\$aonline resource (495 seconds)
=490  0\$aBiology
=500  \\$aTitle from resource description page
=520  \\$aThis procedure describes how to establish primary hematopoietic cell cultures from murine bone marrow and is followed by transfection using the Gene Pulser MXCell electroporation system.
=521  \\$aFor undergraduate, graduate, and professional students
=546  \\$aEnglish
=650  \0$aBiology
=856  40$uhttps://www.jove.com/video/1026
=945  \\$aThe Whole World

