=LDR  00786ngm a2200000i 4500
=001  JoVEBiology935
=008  161201s2016\\\\xx\\\\\g\\\\\\s\\\\\eng\d
=035  \\$a(OCoLC)733445860
=040  \\$aVaAlASP$cVaAlASP
=100  1\$aThu,Kelsie L.
=245  12$aMethylated DNA Immunoprecipitation$h[electronic resource]
=260  \\$aCambridge, MA$bMyJoVE Corp$c2016
=300  \\$aonline resource (1284 seconds)
=490  0\$aBiology
=500  \\$aTitle from resource description page
=520  \\$aThis video demonstrates the protocol for methylated DNA immunoprecipitation (MeDIP).  MeDIP is a two day procedure that selectively extracts methylated DNA fragments from a genomic DNA sample using antibodies with specificity for 5 -methylcytosine (anti-5 mC).
=521  \\$aFor undergraduate, graduate, and professional students
=546  \\$aEnglish
=650  \0$aBiology
=856  40$uhttps://www.jove.com/video/935
=945  \\$aThe Whole World

