=LDR  00713ngm a2200000i 4500
=001  JoVEBiology1088
=008  161201s2016\\\\xx\\\\\g\\\\\\s\\\\\eng\d
=035  \\$a(OCoLC)733445860
=040  \\$aVaAlASP$cVaAlASP
=100  1\$aKomada,Munekazu
=245  12$aElevated Plus Maze for Mice$h[electronic resource]
=260  \\$aCambridge, MA$bMyJoVE Corp$c2016
=300  \\$aonline resource (549 seconds)
=490  0\$aBiology
=500  \\$aTitle from resource description page
=520  \\$aThe elevated plus maze test is one of the most widely used tests for measuring anxiety-like behavior in mice. Here, we present a movie showing the detailed procedures for conducting the test.
=521  \\$aFor undergraduate, graduate, and professional students
=546  \\$aEnglish
=650  \0$aBiology
=856  40$uhttps://www.jove.com/video/1088
=945  \\$aThe Whole World

