=LDR  00679ngm a2200000i 4500
=001  JoVEBiology1037
=008  161201s2016\\\\xx\\\\\g\\\\\\s\\\\\eng\d
=035  \\$a(OCoLC)733445860
=040  \\$aVaAlASP$cVaAlASP
=100  1\$aFoerster,Anna
=245  12$aDetection and Isolation of Viable Mouse IL-17-Secreting T Cells$h[electronic resource]
=260  \\$aCambridge, MA$bMyJoVE Corp$c2016
=300  \\$aonline resource (758 seconds)
=490  0\$aBiology
=500  \\$aTitle from resource description page
=520  \\$aThis procedure describes the detection and isolation of mouse TH17 leukocytes that actively secrete IL-17 upon stimulation.
=521  \\$aFor undergraduate, graduate, and professional students
=546  \\$aEnglish
=650  \0$aBiology
=856  40$uhttps://www.jove.com/video/1037
=945  \\$aThe Whole World

