=LDR  00807ngm a2200000i 4500
=001  JoVEBiology1038
=008  161201s2016\\\\xx\\\\\g\\\\\\s\\\\\eng\d
=035  \\$a(OCoLC)733445860
=040  \\$aVaAlASP$cVaAlASP
=100  1\$aSersa,Gregor
=245  12$aElectrochemotherapy of Tumours$h[electronic resource]
=260  \\$aCambridge, MA$bMyJoVE Corp$c2016
=300  \\$aonline resource (237 seconds)
=490  0\$aBiology
=500  \\$aTitle from resource description page
=520  \\$aElectrochemotherapy is a combined use of certain chemotherapeutic drugs such as cisplatin and bleomycin and electric pulses applied to the treated tumour nodule. We present the clinical protocol of electrochemotherapy for treatmen of subcutaneous and cutaneous metastases of melanoma. 
=521  \\$aFor undergraduate, graduate, and professional students
=546  \\$aEnglish
=650  \0$aBiology
=856  40$uhttps://www.jove.com/video/1038
=945  \\$aThe Whole World

