=LDR  00760ngm a2200000i 4500
=001  JoVEBiology1029
=008  161201s2016\\\\xx\\\\\g\\\\\\s\\\\\eng\d
=035  \\$a(OCoLC)733445860
=040  \\$aVaAlASP$cVaAlASP
=100  1\$aJungblut,Melanie
=245  12$aPreparation of Single-Cell Suspensions from Mouse Spleen with the gentleMACS Dissociator$h[electronic resource]
=260  \\$aCambridge, MA$bMyJoVE Corp$c2016
=300  \\$aonline resource (318 seconds)
=490  0\$aBiology
=500  \\$aTitle from resource description page
=520  \\$aThis video describes a simple, time-saving technique for automated tissue dissociation using the gentleMACS Dissociator to prepare single-cell suspensions of mouse splenocytes.
=521  \\$aFor undergraduate, graduate, and professional students
=546  \\$aEnglish
=650  \0$aBiology
=856  40$uhttps://www.jove.com/video/1029
=945  \\$aThe Whole World

