=LDR  00671ngm a2200000i 4500
=001  JoVEBiology1030
=008  161201s2016\\\\xx\\\\\g\\\\\\s\\\\\eng\d
=035  \\$a(OCoLC)733445860
=040  \\$aVaAlASP$cVaAlASP
=100  1\$aWhishaw,Ian Q.
=245  12$aUse of Rotorod as a Method for the Qualitative Analysis of Walking in Rat$h[electronic resource]
=260  \\$aCambridge, MA$bMyJoVE Corp$c2016
=300  \\$aonline resource (193 seconds)
=490  0\$aBiology
=500  \\$aTitle from resource description page
=520  \\$aThe rotorod test is used to assess motor status in the walking movement of hemi-Parkinson analogue rats.
=521  \\$aFor undergraduate, graduate, and professional students
=546  \\$aEnglish
=650  \0$aBiology
=856  40$uhttps://www.jove.com/video/1030
=945  \\$aThe Whole World

