=LDR  00737ngm a2200000i 4500
=001  JoVEBiology1065
=008  161201s2016\\\\xx\\\\\g\\\\\\s\\\\\eng\d
=035  \\$a(OCoLC)733445860
=040  \\$aVaAlASP$cVaAlASP
=100  1\$aShen,Keyue
=245  12$aMicrocontact Printing of Proteins for Cell Biology$h[electronic resource]
=260  \\$aCambridge, MA$bMyJoVE Corp$c2016
=300  \\$aonline resource (561 seconds)
=490  0\$aBiology
=500  \\$aTitle from resource description page
=520  \\$aMicrocontact printing is used extensively to pattern proteins and other molecules on material surfaces.  We demonstrate the basic steps of this process, stamping patterns of fibronectin onto glass.
=521  \\$aFor undergraduate, graduate, and professional students
=546  \\$aEnglish
=650  \0$aBiology
=856  40$uhttps://www.jove.com/video/1065
=945  \\$aThe Whole World

