=LDR  00809ngm a2200000i 4500
=001  JoVEBiology1074
=008  161201s2016\\\\xx\\\\\g\\\\\\s\\\\\eng\d
=035  \\$a(OCoLC)733445860
=040  \\$aVaAlASP$cVaAlASP
=100  1\$aAngst,Martin S
=245  12$aHuman In-Vivo Bioassay for the Tissue-Specific Measurement of Nociceptive and Inflammatory Mediators$h[electronic resource]
=260  \\$aCambridge, MA$bMyJoVE Corp$c2016
=300  \\$aonline resource (534 seconds)
=490  0\$aBiology
=500  \\$aTitle from resource description page
=520  \\$aA technique is presented for the in-vivo collection of interstitial fluid samples from pertinent tissue sites (here, experimentally inflamed skin) for the measurement of biochemicals mediating pain and inflammation.
=521  \\$aFor undergraduate, graduate, and professional students
=546  \\$aEnglish
=650  \0$aBiology
=856  40$uhttps://www.jove.com/video/1074
=945  \\$aThe Whole World

