=LDR  00861ngm a2200000i 4500
=001  JoVEBiology945
=008  161201s2016\\\\xx\\\\\g\\\\\\s\\\\\eng\d
=035  \\$a(OCoLC)733445860
=040  \\$aVaAlASP$cVaAlASP
=100  1\$aHagner-McWhirter,Asa
=245  12$aSelective Labelling of Cell-surface Proteins using CyDye DIGE Fluor Minimal Dyes$h[electronic resource]
=260  \\$aCambridge, MA$bMyJoVE Corp$c2016
=300  \\$aonline resource (883 seconds)
=490  0\$aBiology
=500  \\$aTitle from resource description page
=520  \\$aA simple and specific method was demonstrated for fluorescent labeling and enhanced detection of cell surface proteins without a fractionation step. Differential abundance in cell surface proteins was analyzed using two-dimensional (2-D) electrophoresis and Ettan™ DIGE technology.
=521  \\$aFor undergraduate, graduate, and professional students
=546  \\$aEnglish
=650  \0$aBiology
=856  40$uhttps://www.jove.com/video/945
=945  \\$aThe Whole World

