=LDR  00862ngm a2200000i 4500
=001  JoVEBiology1063
=008  161201s2016\\\\xx\\\\\g\\\\\\s\\\\\eng\d
=035  \\$a(OCoLC)733445860
=040  \\$aVaAlASP$cVaAlASP
=100  1\$aDuistermars,Brian J.
=245  12$aA Magnetic Tether System to Investigate Visual and Olfactory Mediated Flight Control in Drosophila$h[electronic resource]
=260  \\$aCambridge, MA$bMyJoVE Corp$c2016
=300  \\$aonline resource (567 seconds)
=490  0\$aBiology
=500  \\$aTitle from resource description page
=520  \\$aHere we describe how to tether a fly in an olfactory magnetic-tether (OMT) apparatus. We describe how to align the rare-earth magnets and odor ports, and how to set mass flow rates for both the stimulus delivery and vacuum suction to achieve optimal odor tracking.
=521  \\$aFor undergraduate, graduate, and professional students
=546  \\$aEnglish
=650  \0$aBiology
=856  40$uhttps://www.jove.com/video/1063
=945  \\$aThe Whole World

