=LDR  00774ngm a2200000i 4500
=001  JoVEBiology955
=008  161201s2016\\\\xx\\\\\g\\\\\\s\\\\\eng\d
=035  \\$a(OCoLC)733445860
=040  \\$aVaAlASP$cVaAlASP
=100  1\$aTaniguchi,Hidetoshi
=245  12$aThe Hypoxic Ischemic Encephalopathy Model of Perinatal Ischemia$h[electronic resource]
=260  \\$aCambridge, MA$bMyJoVE Corp$c2016
=300  \\$aonline resource (527 seconds)
=490  0\$aBiology
=500  \\$aTitle from resource description page
=520  \\$aThe postnatal rat model for hypoxic-ischemic brain injury is a well-established model of human neonatal hypoxic ischemic encephalopathy (HIE). In this article, we describe the model of HIE in post-natal rat pups.  
=521  \\$aFor undergraduate, graduate, and professional students
=546  \\$aEnglish
=650  \0$aBiology
=856  40$uhttps://www.jove.com/video/955
=945  \\$aThe Whole World

