=LDR  00811ngm a2200000i 4500
=001  JoVEBiology992
=008  161201s2016\\\\xx\\\\\g\\\\\\s\\\\\eng\d
=035  \\$a(OCoLC)733445860
=040  \\$aVaAlASP$cVaAlASP
=100  1\$aFerrera,Vincent
=245  12$aFunctional Imaging with Reinforcement, Eyetracking, and Physiological Monitoring$h[electronic resource]
=260  \\$aCambridge, MA$bMyJoVE Corp$c2016
=300  \\$aonline resource (527 seconds)
=490  0\$aBiology
=500  \\$aTitle from resource description page
=520  \\$aThis presentation demonstrates the use of fMRI to study neural circuits that underlie decision-making. Simple perceptual tasks are combined with appetitive and aversive reinforcements to investigate how outcomes affect decision processes.
=521  \\$aFor undergraduate, graduate, and professional students
=546  \\$aEnglish
=650  \0$aBiology
=856  40$uhttps://www.jove.com/video/992
=945  \\$aThe Whole World

