=LDR  01127ngm a2200000i 4500
=001  JoVEBiology942
=008  161201s2016\\\\xx\\\\\g\\\\\\s\\\\\eng\d
=035  \\$a(OCoLC)733445860
=040  \\$aVaAlASP$cVaAlASP
=100  1\$aBradley,Jean-Claude
=245  12$aOptimization of the Ugi Reaction Using Parallel Synthesis and Automated Liquid Handling$h[electronic resource]
=260  \\$aCambridge, MA$bMyJoVE Corp$c2016
=300  \\$aonline resource (504 seconds)
=490  0\$aBiology
=500  \\$aTitle from resource description page
=520  \\$aThe Ugi reaction has proved to be a convenient way to quickly create diverse libraries of compounds. It involves the reaction of an amine, an aldehyde, a carboxylic acid and an isonitrile typically in methanol at room temperature.   In this video,  we utilize a 48-slot Mettler-Toledo MiniBlock equipped with filtration tubes and a Mettler-Toledo MiniMapper automated liquid handler was used to deliver the reagents and solvent. The parameters of interest were the concentration, the solvent composition and the excess of some of the reagents.
=521  \\$aFor undergraduate, graduate, and professional students
=546  \\$aEnglish
=650  \0$aBiology
=856  40$uhttps://www.jove.com/video/942
=945  \\$aThe Whole World

