=LDR  00851ngm a2200000i 4500
=001  JoVEBiology960
=008  161201s2016\\\\xx\\\\\g\\\\\\s\\\\\eng\d
=035  \\$a(OCoLC)733445860
=040  \\$aVaAlASP$cVaAlASP
=100  1\$aLiu,Li
=245  12$aA Technique for Serial Collection of Cerebrospinal Fluid from the Cisterna Magna in Mouse $h[electronic resource]
=260  \\$aCambridge, MA$bMyJoVE Corp$c2016
=300  \\$aonline resource (488 seconds)
=490  0\$aBiology
=500  \\$aTitle from resource description page
=520  \\$aTransgenic (Tg) mouse models of AD provide an excellent opportunity to investigate how and why Aβ or tau levels in CSF change as the disease progresses in human patients.  Here, we demonstrate a refined cisterna magna puncture technique for serial CSF sampling from the mouse.
=521  \\$aFor undergraduate, graduate, and professional students
=546  \\$aEnglish
=650  \0$aBiology
=856  40$uhttps://www.jove.com/video/960
=945  \\$aThe Whole World

