=LDR  00888ngm a2200000i 4500
=001  JoVEBiology820
=008  161201s2016\\\\xx\\\\\g\\\\\\s\\\\\eng\d
=035  \\$a(OCoLC)733445860
=040  \\$aVaAlASP$cVaAlASP
=100  1\$aFrank,Lauren E.
=245  12$aPrimary Dissociated Midbrain Dopamine Cell Cultures from Rodent Neonates$h[electronic resource]
=260  \\$aCambridge, MA$bMyJoVE Corp$c2016
=300  \\$aonline resource (853 seconds)
=490  0\$aBiology
=500  \\$aTitle from resource description page
=520  \\$aPrimary dissociated midbrain dopamine cell cultures allow for the study of presynaptic characteristics of dopamine neurons.   They can be used to monitor real-time dopamine release kinetics and protein/mRNA  levels of regulators of dopamine exocytosis. Here, we show you how to generate these cultures from rodent neonates.
=521  \\$aFor undergraduate, graduate, and professional students
=546  \\$aEnglish
=650  \0$aBiology
=856  40$uhttps://www.jove.com/video/820
=945  \\$aThe Whole World

