=LDR  00819ngm a2200000i 4500
=001  JoVEBiology1032
=008  161201s2016\\\\xx\\\\\g\\\\\\s\\\\\eng\d
=035  \\$a(OCoLC)733445860
=040  \\$aVaAlASP$cVaAlASP
=100  1\$aIngolfson,Helgi
=245  12$aSingle Molecule Methods for Monitoring Changes in Bilayer Elastic Properties$h[electronic resource]
=260  \\$aCambridge, MA$bMyJoVE Corp$c2016
=300  \\$aonline resource (740 seconds)
=490  0\$aBiology
=500  \\$aTitle from resource description page
=520  \\$aMembrane protein function is regulated by the cell membrane lipid composition.   This video-article details how to form a patch using bilayer patch electrodes, as well as how to use gramicidin channels as reporters of altered membrane properties.  
=521  \\$aFor undergraduate, graduate, and professional students
=546  \\$aEnglish
=650  \0$aBiology
=856  40$uhttps://www.jove.com/video/1032
=945  \\$aThe Whole World

