=LDR  00871ngm a2200000i 4500
=001  JoVEBiology1033
=008  161201s2016\\\\xx\\\\\g\\\\\\s\\\\\eng\d
=035  \\$a(OCoLC)733445860
=040  \\$aVaAlASP$cVaAlASP
=100  1\$aKapoor,Ruchi
=245  12$aPreparation of Artificial Bilayers for Electrophysiology Experiments$h[electronic resource]
=260  \\$aCambridge, MA$bMyJoVE Corp$c2016
=300  \\$aonline resource (578 seconds)
=490  0\$aBiology
=500  \\$aTitle from resource description page
=520  \\$aPlanar lipid bilayers, also called artificial lipid bilayers, allow you to study ion-conducting channels in a well-defined environment.   Here, we demonstrate the individual steps needed to prepare the bilayer chamber, the electrodes and how to test that the bilayer is suitable for single-channel measurements.
=521  \\$aFor undergraduate, graduate, and professional students
=546  \\$aEnglish
=650  \0$aBiology
=856  40$uhttps://www.jove.com/video/1033
=945  \\$aThe Whole World

