=LDR  00864ngm a2200000i 4500
=001  JoVEBiology904
=008  161201s2016\\\\xx\\\\\g\\\\\\s\\\\\eng\d
=035  \\$a(OCoLC)733445860
=040  \\$aVaAlASP$cVaAlASP
=100  1\$aPsychoyos,Delphine
=245  12$aDouble Whole Mount in situ Hybridization of Early Chick Embryos$h[electronic resource]
=260  \\$aCambridge, MA$bMyJoVE Corp$c2016
=300  \\$aonline resource (942 seconds)
=490  0\$aBiology
=500  \\$aTitle from resource description page
=520  \\$aThis video demonstrates 2-color whole mount in situ hybridization, a method by which the spatial and temporal expression pattern of 2 different genes can be visualized in young chick embryos. This method was originally introduced by David Wilkinson, Domingos Henrique, Phil Ingham and David Ish -Horowicz.
=521  \\$aFor undergraduate, graduate, and professional students
=546  \\$aEnglish
=650  \0$aBiology
=856  40$uhttps://www.jove.com/video/904
=945  \\$aThe Whole World

