=LDR  00860ngm a2200000i 4500
=001  JoVEBiology964
=008  161201s2016\\\\xx\\\\\g\\\\\\s\\\\\eng\d
=035  \\$a(OCoLC)733445860
=040  \\$aVaAlASP$cVaAlASP
=100  1\$aJohnson,Brandon E.
=245  12$aPressure-polishing Pipettes for Improved Patch-clamp Recording$h[electronic resource]
=260  \\$aCambridge, MA$bMyJoVE Corp$c2016
=300  \\$aonline resource (312 seconds)
=490  0\$aBiology
=500  \\$aTitle from resource description page
=520  \\$aThis is a guide to modifying the shape of glass micropipettes.  Specifically, by using heat and air pressure the taper is widened without increasing the tip opening, leading to lower pipette resistance.  This is critical to obtain low noise recordings of small cells but is useful in many applications.
=521  \\$aFor undergraduate, graduate, and professional students
=546  \\$aEnglish
=650  \0$aBiology
=856  40$uhttps://www.jove.com/video/964
=945  \\$aThe Whole World

