=LDR  00900ngm a2200000i 4500
=001  JoVEBiology903
=008  161201s2016\\\\xx\\\\\g\\\\\\s\\\\\eng\d
=035  \\$a(OCoLC)733445860
=040  \\$aVaAlASP$cVaAlASP
=100  1\$aPsychoyos,Delphine
=245  12$aMethod for Culture of Early Chick Embryos ex vivo (New Culture)$h[electronic resource]
=260  \\$aCambridge, MA$bMyJoVE Corp$c2016
=300  \\$aonline resource (525 seconds)
=490  0\$aBiology
=500  \\$aTitle from resource description page
=520  \\$aThis video demonstrates New culture, a method by which chick embryos are cultured outside the egg for up to 24 hr. This method enables one to study early development (primitive streak to 14 som.), a period corresponding to E7-9 in mouse. Applications of this technique include electroporation, in situ hybridization and immunohistochemistry.
=521  \\$aFor undergraduate, graduate, and professional students
=546  \\$aEnglish
=650  \0$aBiology
=856  40$uhttps://www.jove.com/video/903
=945  \\$aThe Whole World

