=LDR  00724ngm a2200000i 4500
=001  JoVEBiology951
=008  161201s2016\\\\xx\\\\\g\\\\\\s\\\\\eng\d
=035  \\$a(OCoLC)733445860
=040  \\$aVaAlASP$cVaAlASP
=100  1\$aF. Pazyra-Murphy,Maria
=245  12$aPreparation and Maintenance of Dorsal Root Ganglia Neurons in Compartmented Cultures$h[electronic resource]
=260  \\$aCambridge, MA$bMyJoVE Corp$c2016
=300  \\$aonline resource (463 seconds)
=490  0\$aBiology
=500  \\$aTitle from resource description page
=520  \\$aHere we describe the technique of preparing and maintaining compartmented chambers for culturing sensory neurons of the dorsal root ganglia.
=521  \\$aFor undergraduate, graduate, and professional students
=546  \\$aEnglish
=650  \0$aBiology
=856  40$uhttps://www.jove.com/video/951
=945  \\$aThe Whole World

