=LDR  00797ngm a2200000i 4500
=001  JoVEBiology936
=008  161201s2016\\\\xx\\\\\g\\\\\\s\\\\\eng\d
=035  \\$a(OCoLC)733445860
=040  \\$aVaAlASP$cVaAlASP
=100  1\$aL Brown,Austin
=245  12$aPatch Clamp Recording of Ion Channels Expressed in  Xenopus Oocytes$h[electronic resource]
=260  \\$aCambridge, MA$bMyJoVE Corp$c2016
=300  \\$aonline resource (480 seconds)
=490  0\$aBiology
=500  \\$aTitle from resource description page
=520  \\$aThis is intended as an introduction to patch clamp recording from Xenopus laevis oocytes.  It covers vitelline membrane removal, formation of a gigaohm seal (gigaseal), and the optional conversion of the patch to the outside-out topology.
=521  \\$aFor undergraduate, graduate, and professional students
=546  \\$aEnglish
=650  \0$aBiology
=856  40$uhttps://www.jove.com/video/936
=945  \\$aThe Whole World

