=LDR  01020ngm a2200000i 4500
=001  JoVEBiology958
=008  161201s2016\\\\xx\\\\\g\\\\\\s\\\\\eng\d
=035  \\$a(OCoLC)733445860
=040  \\$aVaAlASP$cVaAlASP
=100  1\$aArmstrong,Peter
=245  12$aBlood Collection from the American Horseshoe Crab, Limulus Polyphemus$h[electronic resource]
=260  \\$aCambridge, MA$bMyJoVE Corp$c2016
=300  \\$aonline resource (768 seconds)
=490  0\$aBiology
=500  \\$aTitle from resource description page
=520  \\$aThe American horseshoe crab, Limulus polyphemus, is arguably the most convenient source for large quantities of blood of any invertebrate.  The blood is simple in composition, with only one cell-type in the general circulation, the granular amebocyte, and only three abundant proteins in the plasma, hemocyanin, the C-reactive proteins, and α2-macroglobulin.  Blood is collected from the heart and the blood cells and plasma are separated by centrifugation.
=521  \\$aFor undergraduate, graduate, and professional students
=546  \\$aEnglish
=650  \0$aBiology
=856  40$uhttps://www.jove.com/video/958
=945  \\$aThe Whole World

