=LDR  00773ngm a2200000i 4500
=001  JoVEBiology939
=008  161201s2016\\\\xx\\\\\g\\\\\\s\\\\\eng\d
=035  \\$a(OCoLC)733445860
=040  \\$aVaAlASP$cVaAlASP
=100  1\$aL. Brown,Austin
=245  12$aMaking Patch-pipettes and Sharp Electrodes with a Programmable Puller$h[electronic resource]
=260  \\$aCambridge, MA$bMyJoVE Corp$c2016
=300  \\$aonline resource (330 seconds)
=490  0\$aBiology
=500  \\$aTitle from resource description page
=520  \\$aThis video shows how to use a programmable puller to make patch pipettes and sharp electrodes for electrophysiology.  The same procedure can be used to make a variety of glass tools, including injection needles.
=521  \\$aFor undergraduate, graduate, and professional students
=546  \\$aEnglish
=650  \0$aBiology
=856  40$uhttps://www.jove.com/video/939
=945  \\$aThe Whole World

