=LDR  00944ngm a2200000i 4500
=001  JoVEBiology880
=008  161201s2016\\\\xx\\\\\g\\\\\\s\\\\\eng\d
=035  \\$a(OCoLC)733445860
=040  \\$aVaAlASP$cVaAlASP
=100  1\$aGeiger,Brenda M.
=245  12$aSurvivable Stereotaxic Surgery in Rodents $h[electronic resource]
=260  \\$aCambridge, MA$bMyJoVE Corp$c2016
=300  \\$aonline resource (487 seconds)
=490  0\$aBiology
=500  \\$aTitle from resource description page
=520  \\$aThe monitoring of extracellular neurotransmitter levels in distinct brain regions of  freely moving animals offers insights on the link between neurotransmitter release and behavior. In vivo microdialysis coupled with electrochemical detection provides excellent anatomical and chemical resolution; and information on how basal neurotransmission is altered by pharmacological or physiological manipulations. 
=521  \\$aFor undergraduate, graduate, and professional students
=546  \\$aEnglish
=650  \0$aBiology
=856  40$uhttps://www.jove.com/video/880
=945  \\$aThe Whole World

