=LDR  00917ngm a2200000i 4500
=001  JoVEBiology923
=008  161201s2016\\\\xx\\\\\g\\\\\\s\\\\\eng\d
=035  \\$a(OCoLC)733445860
=040  \\$aVaAlASP$cVaAlASP
=100  1\$aEmran,Farida
=245  12$aA Behavioral Assay to Measure Responsiveness of Zebrafish to Changes in Light Intensities $h[electronic resource]
=260  \\$aCambridge, MA$bMyJoVE Corp$c2016
=300  \\$aonline resource (579 seconds)
=490  0\$aBiology
=500  \\$aTitle from resource description page
=520  \\$aWe developed the Visual-Motor Response to quantitate the motor output of larval zebrafish in response to light increments and decrements.  We also examined zebrafish vision mutants, including the no optokinetic response (nrc) mutants, which were thought to be completely blind when tested by another vision assay, the optokinetic reflex.
=521  \\$aFor undergraduate, graduate, and professional students
=546  \\$aEnglish
=650  \0$aBiology
=856  40$uhttps://www.jove.com/video/923
=945  \\$aThe Whole World

