=LDR  00884ngm a2200000i 4500
=001  JoVEBiology914
=008  161201s2016\\\\xx\\\\\g\\\\\\s\\\\\eng\d
=035  \\$a(OCoLC)733445860
=040  \\$aVaAlASP$cVaAlASP
=100  1\$aMatevossian,Anouch
=245  12$aNeuronal Nuclei Isolation from Human Postmortem Brain Tissue$h[electronic resource]
=260  \\$aCambridge, MA$bMyJoVE Corp$c2016
=300  \\$aonline resource (658 seconds)
=490  0\$aBiology
=500  \\$aTitle from resource description page
=520  \\$aThe cellular heterogeneity of brain tissue poses a significant limitation for the study of epigenetic markings in chromatin because most assays lack single cell resolution. Neurons typically are intermingled with glia and other non-neuronal cells. We provide a protocol to extract and collect neuronal nuclei from human brain.  
=521  \\$aFor undergraduate, graduate, and professional students
=546  \\$aEnglish
=650  \0$aBiology
=856  40$uhttps://www.jove.com/video/914
=945  \\$aThe Whole World

