=LDR  00797ngm a2200000i 4500
=001  JoVEBiology895
=008  161201s2016\\\\xx\\\\\g\\\\\\s\\\\\eng\d
=035  \\$a(OCoLC)733445860
=040  \\$aVaAlASP$cVaAlASP
=100  1\$aNunez,Joseph
=245  12$aPrimary Culture of Hippocampal Neurons from P0 Newborn Rats$h[electronic resource]
=260  \\$aCambridge, MA$bMyJoVE Corp$c2016
=300  \\$aonline resource (438 seconds)
=490  0\$aBiology
=500  \\$aTitle from resource description page
=520  \\$aThe dissection and growth of cells from an individual brain area facilitates investigation of cellular and physiological parameters. We describe a method for primary cell culturing that produces neuron-enriched cultures in a serum-free environment.
=521  \\$aFor undergraduate, graduate, and professional students
=546  \\$aEnglish
=650  \0$aBiology
=856  40$uhttps://www.jove.com/video/895
=945  \\$aThe Whole World

