=LDR  00637ngm a2200000i 4500
=001  JoVEBiology897
=008  161201s2016\\\\xx\\\\\g\\\\\\s\\\\\eng\d
=035  \\$a(OCoLC)733445860
=040  \\$aVaAlASP$cVaAlASP
=100  1\$aNunez,Joseph
=245  12$aMorris Water Maze Experiment$h[electronic resource]
=260  \\$aCambridge, MA$bMyJoVE Corp$c2016
=300  \\$aonline resource (285 seconds)
=490  0\$aBiology
=500  \\$aTitle from resource description page
=520  \\$aThe Morris water maze is a well-accepted tool used to document the involvement of the hippocampus in a behavioral task.
=521  \\$aFor undergraduate, graduate, and professional students
=546  \\$aEnglish
=650  \0$aBiology
=856  40$uhttps://www.jove.com/video/897
=945  \\$aThe Whole World

