=LDR  00806ngm a2200000i 4500
=001  JoVEBiology899
=008  161201s2016\\\\xx\\\\\g\\\\\\s\\\\\eng\d
=035  \\$a(OCoLC)733445860
=040  \\$aVaAlASP$cVaAlASP
=100  1\$aCupp-Enyard,Carrie
=245  12$aSigma's Non-specific Protease Activity Assay - Casein as a Substrate$h[electronic resource]
=260  \\$aCambridge, MA$bMyJoVE Corp$c2016
=300  \\$aonline resource (697 seconds)
=490  0\$aBiology
=500  \\$aTitle from resource description page
=520  \\$aProteases break peptide bonds. In the lab, it is often necessary to measure and/or compare the activity of proteases. Sigma's non-specific protease activity assay may be used as a standardized procedure to determine the activity of proteases.
=521  \\$aFor undergraduate, graduate, and professional students
=546  \\$aEnglish
=650  \0$aBiology
=856  40$uhttps://www.jove.com/video/899
=945  \\$aThe Whole World

