=LDR  00908ngm a2200000i 4500
=001  JoVEBiology947
=008  161201s2016\\\\xx\\\\\g\\\\\\s\\\\\eng\d
=035  \\$a(OCoLC)733445860
=040  \\$aVaAlASP$cVaAlASP
=100  1\$aVardhana,Santosha
=245  12$aSupported Planar Bilayers for the Formation of Study of Immunological Synapses and Kinapse$h[electronic resource]
=260  \\$aCambridge, MA$bMyJoVE Corp$c2016
=300  \\$aonline resource (744 seconds)
=490  0\$aBiology
=500  \\$aTitle from resource description page
=520  \\$aSupported planar bilayers are powerful tools that can be used to model the molecular interactions in an immunological synapse.   Here, we show methods for anchoring cell adhesion proteins known to modulate synapse formation to the upper leaflet of the lipid bilyer and visualize synapse formation using TIRF microscopy.


=521  \\$aFor undergraduate, graduate, and professional students
=546  \\$aEnglish
=650  \0$aBiology
=856  40$uhttps://www.jove.com/video/947
=945  \\$aThe Whole World

