=LDR  00760ngm a2200000i 4500
=001  JoVEBiology920
=008  161201s2016\\\\xx\\\\\g\\\\\\s\\\\\eng\d
=035  \\$a(OCoLC)733445860
=040  \\$aVaAlASP$cVaAlASP
=100  1\$aZhang,Shaochong
=245  12$aStudying Membrane Biogenesis with a Luciferase-Based Reporter Gene Assay$h[electronic resource]
=260  \\$aCambridge, MA$bMyJoVE Corp$c2016
=300  \\$aonline resource (828 seconds)
=490  0\$aBiology
=500  \\$aTitle from resource description page
=520  \\$aHere, we describe procedures for studying changes in phagocytosis-induced gene expression with a luciferase-based reporter gene approach using the Dual-GloTM Luciferase Assay System from Promega.
=521  \\$aFor undergraduate, graduate, and professional students
=546  \\$aEnglish
=650  \0$aBiology
=856  40$uhttps://www.jove.com/video/920
=945  \\$aThe Whole World

