=LDR  00690ngm a2200000i 4500
=001  JoVEBiology906
=008  161201s2016\\\\xx\\\\\g\\\\\\s\\\\\eng\d
=035  \\$a(OCoLC)733445860
=040  \\$aVaAlASP$cVaAlASP
=100  1\$aJenkinson,William
=245  12$aPreparation of 2-dGuo-Treated Thymus Organ Cultures$h[electronic resource]
=260  \\$aCambridge, MA$bMyJoVE Corp$c2016
=300  \\$aonline resource (470 seconds)
=490  0\$aBiology
=500  \\$aTitle from resource description page
=520  \\$aThis video demonstrates the dissection and removal of the fetal thymus as well the preparation of ex vivo cultures of 2-dGuo-treated thymus.


=521  \\$aFor undergraduate, graduate, and professional students
=546  \\$aEnglish
=650  \0$aBiology
=856  40$uhttps://www.jove.com/video/906
=945  \\$aThe Whole World

