=LDR  00609ngm a2200000i 4500
=001  JoVEBiology905
=008  161201s2016\\\\xx\\\\\g\\\\\\s\\\\\eng\d
=035  \\$a(OCoLC)733445860
=040  \\$aVaAlASP$cVaAlASP
=100  1\$aWhite,Andrea
=245  12$aReaggregate Thymus Cultures$h[electronic resource]
=260  \\$aCambridge, MA$bMyJoVE Corp$c2016
=300  \\$aonline resource (347 seconds)
=490  0\$aBiology
=500  \\$aTitle from resource description page
=520  \\$aIn this video the preparation of 2-dGuo-treated reaggregate thymus cultures is demonstrated.
=521  \\$aFor undergraduate, graduate, and professional students
=546  \\$aEnglish
=650  \0$aBiology
=856  40$uhttps://www.jove.com/video/905
=945  \\$aThe Whole World

