=LDR  00880ngm a2200000i 4500
=001  JoVEBiology891
=008  161201s2016\\\\xx\\\\\g\\\\\\s\\\\\eng\d
=035  \\$a(OCoLC)733445860
=040  \\$aVaAlASP$cVaAlASP
=100  1\$aCross,Marie K.
=245  12$aPreparation and Fractionation of Xenopus laevis Egg Extracts$h[electronic resource]
=260  \\$aCambridge, MA$bMyJoVE Corp$c2016
=300  \\$aonline resource (465 seconds)
=490  0\$aBiology
=500  \\$aTitle from resource description page
=520  \\$aCrude and fractionated Xenopus egg extracts can be used to provide ingredients for reconstituting cellular processes for morphological and biochemical analysis. Egg lysis and differential centrifugation are used to prepare the crude extract which in turn in used to prepare fractionated extracts and light membrane preparations.
=521  \\$aFor undergraduate, graduate, and professional students
=546  \\$aEnglish
=650  \0$aBiology
=856  40$uhttps://www.jove.com/video/891
=945  \\$aThe Whole World

