=LDR  00741ngm a2200000i 4500
=001  JoVEBiology889
=008  161201s2016\\\\xx\\\\\g\\\\\\s\\\\\eng\d
=035  \\$a(OCoLC)733445860
=040  \\$aVaAlASP$cVaAlASP
=100  1\$aLi,Huarong
=245  12$aProtocols for Microapplicator-assisted Infection of Lepidopteran Larvae with Baculovirus$h[electronic resource]
=260  \\$aCambridge, MA$bMyJoVE Corp$c2016
=300  \\$aonline resource (640 seconds)
=490  0\$aBiology
=500  \\$aTitle from resource description page
=520  \\$aIn this video, we demonstrate two microapplicator techniques used to infect of lepidopteran larvae with baculovirus in order to determine insecticidal efficiency.   
=521  \\$aFor undergraduate, graduate, and professional students
=546  \\$aEnglish
=650  \0$aBiology
=856  40$uhttps://www.jove.com/video/889
=945  \\$aThe Whole World

