=LDR  00763ngm a2200000i 4500
=001  JoVEBiology890
=008  161201s2016\\\\xx\\\\\g\\\\\\s\\\\\eng\d
=035  \\$a(OCoLC)733445860
=040  \\$aVaAlASP$cVaAlASP
=100  1\$aCross,Marie K.
=245  12$aObtaining Eggs from Xenopus laevis Females$h[electronic resource]
=260  \\$aCambridge, MA$bMyJoVE Corp$c2016
=300  \\$aonline resource (287 seconds)
=490  0\$aBiology
=500  \\$aTitle from resource description page
=520  \\$aThe eggs of Xenopus laevis intact, lysed, and/or fractionated are useful for a wide variety of experiments. This protocol shows how to induce egg laying, collect and dejelly the eggs, and sort the eggs to remove any damaged eggs.
=521  \\$aFor undergraduate, graduate, and professional students
=546  \\$aEnglish
=650  \0$aBiology
=856  40$uhttps://www.jove.com/video/890
=945  \\$aThe Whole World

