=LDR  00936ngm a2200000i 4500
=001  JoVEBiology837
=008  161201s2016\\\\xx\\\\\g\\\\\\s\\\\\eng\d
=035  \\$a(OCoLC)733445860
=040  \\$aVaAlASP$cVaAlASP
=100  1\$aLocke,Cody
=245  12$aParadigms for Pharmacological Characterization of C. elegans Synaptic Transmission Mutants$h[electronic resource]
=260  \\$aCambridge, MA$bMyJoVE Corp$c2016
=300  \\$aonline resource (1081 seconds)
=490  0\$aBiology
=500  \\$aTitle from resource description page
=520  \\$aThis video demonstrates how to employ two neural stimulants, aldicarb and pentylenetetrazole (PTZ), in complementary ways to study synaptic function in the nematode, C. elegans. This complementary approach may also be used to shed light on evolutionarily conserved mechanisms for modulating neuronal synchrony and has implications for epilepsy and seizures.
=521  \\$aFor undergraduate, graduate, and professional students
=546  \\$aEnglish
=650  \0$aBiology
=856  40$uhttps://www.jove.com/video/837
=945  \\$aThe Whole World

