=LDR  00673ngm a2200000i 4500
=001  JoVEBiology833
=008  161201s2016\\\\xx\\\\\g\\\\\\s\\\\\eng\d
=035  \\$a(OCoLC)733445860
=040  \\$aVaAlASP$cVaAlASP
=100  1\$aBerkowitz,Laura A.
=245  12$aGeneration of Stable Transgenic C. elegans Using Microinjection$h[electronic resource]
=260  \\$aCambridge, MA$bMyJoVE Corp$c2016
=300  \\$aonline resource (728 seconds)
=490  0\$aBiology
=500  \\$aTitle from resource description page
=520  \\$aThis video demonstrates the technique of microinjection into the gonad of C. elegans to create transgenic animals.
=521  \\$aFor undergraduate, graduate, and professional students
=546  \\$aEnglish
=650  \0$aBiology
=856  40$uhttps://www.jove.com/video/833
=945  \\$aThe Whole World

