=LDR  00841ngm a2200000i 4500
=001  JoVEBiology907
=008  161201s2016\\\\xx\\\\\g\\\\\\s\\\\\eng\d
=035  \\$a(OCoLC)733445860
=040  \\$aVaAlASP$cVaAlASP
=100  1\$aMatheu,Melanie P.
=245  12$aImaging Effector Memory T cells in the Ear After Induction of Adoptive DTH$h[electronic resource]
=260  \\$aCambridge, MA$bMyJoVE Corp$c2016
=300  \\$aonline resource (599 seconds)
=490  0\$aBiology
=500  \\$aTitle from resource description page
=520  \\$aHere we demonstrate a method for inducing and recording the progress of a delayed type-hypersensitivity (DTH) reaction in the rat ear. This is followed by a demonstration of the preparation of rat ear tissue for two-photon imaging of the effector / memory T cell response.
=521  \\$aFor undergraduate, graduate, and professional students
=546  \\$aEnglish
=650  \0$aBiology
=856  40$uhttps://www.jove.com/video/907
=945  \\$aThe Whole World

