=LDR  00899ngm a2200000i 4500
=001  JoVEBiology842
=008  161201s2016\\\\xx\\\\\g\\\\\\s\\\\\eng\d
=035  \\$a(OCoLC)733445860
=040  \\$aVaAlASP$cVaAlASP
=100  1\$aCentonze Frohlich,Victoria
=245  12$aProper Care and Cleaning of the Microscope$h[electronic resource]
=260  \\$aCambridge, MA$bMyJoVE Corp$c2016
=300  \\$aonline resource (297 seconds)
=490  0\$aBiology
=500  \\$aTitle from resource description page
=520  \\$aKeeping the microscope optics clean is important for high-quality imaging. Dust, fingerprints, excess immersion oil, or mounting medium on or in a microscope causes reduction in contrast and resolution. DIC is especially sensitive to contamination and scratches on the lens surfaces. This protocol details the procedure for keeping the microscope clean.
=521  \\$aFor undergraduate, graduate, and professional students
=546  \\$aEnglish
=650  \0$aBiology
=856  40$uhttps://www.jove.com/video/842
=945  \\$aThe Whole World

