=LDR  00820ngm a2200000i 4500
=001  JoVEBiology845
=008  161201s2016\\\\xx\\\\\g\\\\\\s\\\\\eng\d
=035  \\$a(OCoLC)733445860
=040  \\$aVaAlASP$cVaAlASP
=100  1\$aBrady,Mark F
=245  12$aThe MODS method for diagnosis of tuberculosis and multidrug resistant tuberculosis$h[electronic resource]
=260  \\$aCambridge, MA$bMyJoVE Corp$c2016
=300  \\$aonline resource (1386 seconds)
=490  0\$aBiology
=500  \\$aTitle from resource description page
=520  \\$aThe microscopic-observation drug-susceptibility (MODS) assay is a low-cost, low-tech tool for high-performance detection of tuberculosis (TB) and multidrug-resistant tuberculosis (MDRTB).  This video describes the MODS liquid media culture method.
=521  \\$aFor undergraduate, graduate, and professional students
=546  \\$aEnglish
=650  \0$aBiology
=856  40$uhttps://www.jove.com/video/845
=945  \\$aThe Whole World

