=LDR  00846ngm a2200000i 4500
=001  JoVEBiology816
=008  161201s2016\\\\xx\\\\\g\\\\\\s\\\\\eng\d
=035  \\$a(OCoLC)733445860
=040  \\$aVaAlASP$cVaAlASP
=100  1\$aWhishaw,Ian Q
=245  12$aThe Structure of Skilled Forelimb Reaching in the Rat: A Movement Rating Scale$h[electronic resource]
=260  \\$aCambridge, MA$bMyJoVE Corp$c2016
=300  \\$aonline resource (726 seconds)
=490  0\$aBiology
=500  \\$aTitle from resource description page
=520  \\$aThe skilled reaching scale divides the movement by a forelimb in a reach for food act into composite elements each of which are evaluated with a three-point scale. The rating scale is described for a normal rat and can be applied toward evaluating neurological motor disorders.
=521  \\$aFor undergraduate, graduate, and professional students
=546  \\$aEnglish
=650  \0$aBiology
=856  40$uhttps://www.jove.com/video/816
=945  \\$aThe Whole World

