=LDR  00705ngm a2200000i 4500
=001  JoVEBiology844
=008  161201s2016\\\\xx\\\\\g\\\\\\s\\\\\eng\d
=035  \\$a(OCoLC)733445860
=040  \\$aVaAlASP$cVaAlASP
=100  1\$aCentonze Frohlich,Victoria
=245  12$aPhase Contrast and Differential Interference Contrast (DIC) Microscopy$h[electronic resource]
=260  \\$aCambridge, MA$bMyJoVE Corp$c2016
=300  \\$aonline resource (409 seconds)
=490  0\$aBiology
=500  \\$aTitle from resource description page
=520  \\$aThis protocol highlights the principles and practical applications of Phase and Differential Interference Contrast (DIC) Microscopy
=521  \\$aFor undergraduate, graduate, and professional students
=546  \\$aEnglish
=650  \0$aBiology
=856  40$uhttps://www.jove.com/video/844
=945  \\$aThe Whole World

