=LDR  00841ngm a2200000i 4500
=001  JoVEBiology870
=008  161201s2016\\\\xx\\\\\g\\\\\\s\\\\\eng\d
=035  \\$a(OCoLC)733445860
=040  \\$aVaAlASP$cVaAlASP
=100  1\$aKennett,Jennifer Y.
=245  12$aTechnical Demonstration of Whole Genome Array Comparative Genomic Hybridization$h[electronic resource]
=260  \\$aCambridge, MA$bMyJoVE Corp$c2016
=300  \\$aonline resource (997 seconds)
=490  0\$aBiology
=500  \\$aTitle from resource description page
=520  \\$aThis video is a technical demonstration of the hybridization protocol for whole genome tiling path array CGH, which scans the entire human genome using only 25-100 ng of DNA that can be isolated from a variety of sources, including archival formalin fixed material.
=521  \\$aFor undergraduate, graduate, and professional students
=546  \\$aEnglish
=650  \0$aBiology
=856  40$uhttps://www.jove.com/video/870
=945  \\$aThe Whole World

