=LDR  00890ngm a2200000i 4500
=001  JoVEBiology827
=008  161201s2016\\\\xx\\\\\g\\\\\\s\\\\\eng\d
=035  \\$a(OCoLC)733445860
=040  \\$aVaAlASP$cVaAlASP
=100  1\$aYamada,Mayumi
=245  12$aIn vitro Labeling of Human Embryonic Stem Cells for Magnetic Resonance Imaging$h[electronic resource]
=260  \\$aCambridge, MA$bMyJoVE Corp$c2016
=300  \\$aonline resource (701 seconds)
=490  0\$aBiology
=500  \\$aTitle from resource description page
=520  \\$aIn this video, we are showing how to label human embryonic stem cells (hESC) with manganese chloride (MnCl2) which can enter cells via voltage-gated calcium channels when the cells are biologically active. Additionally, we show the use of MnCl2 as cellular MRI contrast agent to determine the in vitro viability of hESC. 
=521  \\$aFor undergraduate, graduate, and professional students
=546  \\$aEnglish
=650  \0$aBiology
=856  40$uhttps://www.jove.com/video/827
=945  \\$aThe Whole World

