=LDR  00879ngm a2200000i 4500
=001  JoVEBiology843
=008  161201s2016\\\\xx\\\\\g\\\\\\s\\\\\eng\d
=035  \\$a(OCoLC)733445860
=040  \\$aVaAlASP$cVaAlASP
=100  1\$aCentonze Frohlich,Victoria
=245  12$aMajor Components of the Light Microscope$h[electronic resource]
=260  \\$aCambridge, MA$bMyJoVE Corp$c2016
=300  \\$aonline resource (488 seconds)
=490  0\$aBiology
=500  \\$aTitle from resource description page
=520  \\$aThe light microscope is a basic tool for the cell biologist, who should have a thorough understanding of how it works, how it should be aligned for different applications, and how it should be maintained as required to obtain maximum image-forming capacity and resolution. The components of the microscope are described in detail here.
=521  \\$aFor undergraduate, graduate, and professional students
=546  \\$aEnglish
=650  \0$aBiology
=856  40$uhttps://www.jove.com/video/843
=945  \\$aThe Whole World

