=LDR  00870ngm a2200000i 4500
=001  JoVEBiology813
=008  161201s2016\\\\xx\\\\\g\\\\\\s\\\\\eng\d
=035  \\$a(OCoLC)733445860
=040  \\$aVaAlASP$cVaAlASP
=100  1\$aHart,Robert
=245  12$aAC Electrokinetic Phenomena Generated by Microelectrode Structures$h[electronic resource]
=260  \\$aCambridge, MA$bMyJoVE Corp$c2016
=300  \\$aonline resource (1238 seconds)
=490  0\$aBiology
=500  \\$aTitle from resource description page
=520  \\$aManipulating fluids and suspended particles in the micro- and nano-scale is becoming more of a reality as enabling technologies, like AC electrokinetics, continue to develop.  Here, we discuss the physics behind AC electrokinetics, how to fabricate these devices and how to interpret the experimental observations.
=521  \\$aFor undergraduate, graduate, and professional students
=546  \\$aEnglish
=650  \0$aBiology
=856  40$uhttps://www.jove.com/video/813
=945  \\$aThe Whole World

