=LDR  00919ngm a2200000i 4500
=001  JoVEBiology769
=008  161201s2016\\\\xx\\\\\g\\\\\\s\\\\\eng\d
=035  \\$a(OCoLC)733445860
=040  \\$aVaAlASP$cVaAlASP
=100  1\$aBoudreau,Jeanette
=245  12$aCulture of myeloid dendritic cells from bone marrow precursors$h[electronic resource]
=260  \\$aCambridge, MA$bMyJoVE Corp$c2016
=300  \\$aonline resource (399 seconds)
=490  0\$aBiology
=500  \\$aTitle from resource description page
=520  \\$aThis video demonstrates the procedure for differentiating myeloid dendritic cells from mouse bone marrow. Isolation of mouse tibia and femur, and processing of bone marrow are demonstrated. Pictures demonstrating cell morphology before and after differentiation, and figures depicting cell phenotype and IL-12 production following maturation using CpG are shown.
=521  \\$aFor undergraduate, graduate, and professional students
=546  \\$aEnglish
=650  \0$aBiology
=856  40$uhttps://www.jove.com/video/769
=945  \\$aThe Whole World

