=LDR  00721ngm a2200000i 4500
=001  JoVEBiology825
=008  161201s2016\\\\xx\\\\\g\\\\\\s\\\\\eng\d
=035  \\$a(OCoLC)733445860
=040  \\$aVaAlASP$cVaAlASP
=100  1\$aWang,Xiang
=245  12$aIn vitro Differentiation of Mouse Embryonic Stem (mES) Cells Using the Hanging Drop Method$h[electronic resource]
=260  \\$aCambridge, MA$bMyJoVE Corp$c2016
=300  \\$aonline resource (427 seconds)
=490  0\$aBiology
=500  \\$aTitle from resource description page
=520  \\$aThis video demonstrates how to conduct in vitro differentiation of mouse embryonic stem cells to embryoid bodies using the hanging drop method.
=521  \\$aFor undergraduate, graduate, and professional students
=546  \\$aEnglish
=650  \0$aBiology
=856  40$uhttps://www.jove.com/video/825
=945  \\$aThe Whole World

