=LDR  00835ngm a2200000i 4500
=001  JoVEBiology745
=008  161201s2016\\\\xx\\\\\g\\\\\\s\\\\\eng\d
=035  \\$a(OCoLC)733445860
=040  \\$aVaAlASP$cVaAlASP
=100  1\$aOh,Hana
=245  12$aNeutrophil Isolation Protocol$h[electronic resource]
=260  \\$aCambridge, MA$bMyJoVE Corp$c2016
=300  \\$aonline resource (432 seconds)
=490  0\$aBiology
=500  \\$aTitle from resource description page
=520  \\$aNeutrophils are among the first cells to arrive on the site of inflammatory immune response, and their functions and mechanisms have been studied extensively in vitro. We demonstrate a standard density gradient separation method to isolate human neutrophils from whole blood using commercially available separation media.
=521  \\$aFor undergraduate, graduate, and professional students
=546  \\$aEnglish
=650  \0$aBiology
=856  40$uhttps://www.jove.com/video/745
=945  \\$aThe Whole World

