=LDR  00943ngm a2200000i 4500
=001  JoVEBiology780
=008  161201s2016\\\\xx\\\\\g\\\\\\s\\\\\eng\d
=035  \\$a(OCoLC)733445860
=040  \\$aVaAlASP$cVaAlASP
=100  1\$aBertani,Stephane
=245  12$aChromatin Immunoprecipitation from Human Embryonic Stem Cells$h[electronic resource]
=260  \\$aCambridge, MA$bMyJoVE Corp$c2016
=300  \\$aonline resource (636 seconds)
=490  0\$aBiology
=500  \\$aTitle from resource description page
=520  \\$aThe differentiation of ESC coincides with cell-type specific changes in the structure and composition of chromatin. The detection of those changes provides valuable insights into the mechanisms that define stemcellness and cell differentiation. Chromatin immunoprecipitation (ChIP) represents a valuable method to dissect the molecular mechanisms underlying stem cell differentiation.


=521  \\$aFor undergraduate, graduate, and professional students
=546  \\$aEnglish
=650  \0$aBiology
=856  40$uhttps://www.jove.com/video/780
=945  \\$aThe Whole World

