=LDR  00863ngm a2200000i 4500
=001  JoVEBiology835
=008  161201s2016\\\\xx\\\\\g\\\\\\s\\\\\eng\d
=035  \\$a(OCoLC)733445860
=040  \\$aVaAlASP$cVaAlASP
=100  1\$aBerkowitz,Laura A.
=245  12$aApplication of a C. elegans Dopamine Neuron Degeneration Assay for the Validation of Potential Parkinson's Disease Genes$h[electronic resource]
=260  \\$aCambridge, MA$bMyJoVE Corp$c2016
=300  \\$aonline resource (522 seconds)
=490  0\$aBiology
=500  \\$aTitle from resource description page
=520  \\$aThis video demonstrates how to use C. elegans to assess dopaminergic neuron neurodegeneration as a model for Parkinson's disease.  Furthermore, genetic screens are used to identify factors that either enhance degeneration or are neuroprotective.  
=521  \\$aFor undergraduate, graduate, and professional students
=546  \\$aEnglish
=650  \0$aBiology
=856  40$uhttps://www.jove.com/video/835
=945  \\$aThe Whole World

