=LDR  00786ngm a2200000i 4500
=001  JoVEBiology838
=008  161201s2016\\\\xx\\\\\g\\\\\\s\\\\\eng\d
=035  \\$a(OCoLC)733445860
=040  \\$aVaAlASP$cVaAlASP
=100  1\$aHalfmann,Randal
=245  12$aScreening for Amyloid Aggregation by Semi-Denaturing Detergent-Agarose Gel Electrophoresis$h[electronic resource]
=260  \\$aCambridge, MA$bMyJoVE Corp$c2016
=300  \\$aonline resource (603 seconds)
=490  0\$aBiology
=500  \\$aTitle from resource description page
=520  \\$aSDD-AGE is a useful technique for the detection and characterization of amyloid-like polymers in cells.  Here we demonstrate an adaptation that makes this technique amenable to large-scale applications. 
=521  \\$aFor undergraduate, graduate, and professional students
=546  \\$aEnglish
=650  \0$aBiology
=856  40$uhttps://www.jove.com/video/838
=945  \\$aThe Whole World

