=LDR  00897ngm a2200000i 4500
=001  JoVEBiology705
=008  161201s2016\\\\xx\\\\\g\\\\\\s\\\\\eng\d
=035  \\$a(OCoLC)733445860
=040  \\$aVaAlASP$cVaAlASP
=100  1\$aHewapathirane,D. Sesath
=245  12$aSingle Cell Electroporation in vivo within the Intact Developing Brain$h[electronic resource]
=260  \\$aCambridge, MA$bMyJoVE Corp$c2016
=300  \\$aonline resource (811 seconds)
=490  0\$aBiology
=500  \\$aTitle from resource description page
=520  \\$aSingle-cell electroporation (SCE) is a specialized technique allowing delivery of DNA or other macromolecules into individual cells within intact tissue, including in vivo preparations. Here we detail the procedure for SCE of a fluorescent dye or plasmid DNA into neurons within the intact brain of the Xenopus laevis tadpole.
=521  \\$aFor undergraduate, graduate, and professional students
=546  \\$aEnglish
=650  \0$aBiology
=856  40$uhttps://www.jove.com/video/705
=945  \\$aThe Whole World

