=LDR  00853ngm a2200000i 4500
=001  JoVEBiology773
=008  161201s2016\\\\xx\\\\\g\\\\\\s\\\\\eng\d
=035  \\$a(OCoLC)733445860
=040  \\$aVaAlASP$cVaAlASP
=100  1\$aP. Matheu,Melanie
=245  12$aGeneration of Bone Marrow Derived Murine Dendritic Cells for Use in 2-photon Imaging$h[electronic resource]
=260  \\$aCambridge, MA$bMyJoVE Corp$c2016
=300  \\$aonline resource (793 seconds)
=490  0\$aBiology
=500  \\$aTitle from resource description page
=520  \\$aAntigen presentation in secondary lymphoid organs by dendritic cells is crucial for the initiation of the T cell mediated adaptive immune response. Here we demonstrate the culture of bone marrow derived murine dendritic cells, activation, and labeling for 2-photon imaging. 
=521  \\$aFor undergraduate, graduate, and professional students
=546  \\$aEnglish
=650  \0$aBiology
=856  40$uhttps://www.jove.com/video/773
=945  \\$aThe Whole World

