=LDR  00748ngm a2200000i 4500
=001  JoVEBiology760
=008  161201s2016\\\\xx\\\\\g\\\\\\s\\\\\eng\d
=035  \\$a(OCoLC)733445860
=040  \\$aVaAlASP$cVaAlASP
=100  1\$aGallagher,Sean
=245  12$aStaining Proteins in Gels$h[electronic resource]
=260  \\$aCambridge, MA$bMyJoVE Corp$c2016
=300  \\$aonline resource (655 seconds)
=490  0\$aBiology
=500  \\$aTitle from resource description page
=520  \\$aFollowing separation by electrophoretic methods, proteins in a gel can be detected by several staining methods.  Staining of proteins with Coomassie Blue, Silver Staining, SYPRO Orange,  SYPRO Ruby are demonstrated in this video.  
=521  \\$aFor undergraduate, graduate, and professional students
=546  \\$aEnglish
=650  \0$aBiology
=856  40$uhttps://www.jove.com/video/760
=945  \\$aThe Whole World

