=LDR  00835ngm a2200000i 4500
=001  JoVEBiology771
=008  161201s2016\\\\xx\\\\\g\\\\\\s\\\\\eng\d
=035  \\$a(OCoLC)733445860
=040  \\$aVaAlASP$cVaAlASP
=100  1\$aWerner,Birgit
=245  12$aWhole-cell Recordings of Light Evoked Excitatory Synaptic Currents in the Retinal Slice$h[electronic resource]
=260  \\$aCambridge, MA$bMyJoVE Corp$c2016
=300  \\$aonline resource (1173 seconds)
=490  0\$aBiology
=500  \\$aTitle from resource description page
=520  \\$aThis video shows the process of whole-cell voltage clamp recordings in the retinal slice of the aquatic tiger salamander. We demonstrate the preparation of the slice as well as how to perform patch clamp recordings during visual stimulation of the retina. 
=521  \\$aFor undergraduate, graduate, and professional students
=546  \\$aEnglish
=650  \0$aBiology
=856  40$uhttps://www.jove.com/video/771
=945  \\$aThe Whole World

