=LDR  00724ngm a2200000i 4500
=001  JoVEBiology757
=008  161201s2016\\\\xx\\\\\g\\\\\\s\\\\\eng\d
=035  \\$a(OCoLC)733445860
=040  \\$aVaAlASP$cVaAlASP
=100  1\$aRicardo,Richard
=245  12$aFreezing, Thawing, and Packaging Cells for Transport$h[electronic resource]
=260  \\$aCambridge, MA$bMyJoVE Corp$c2016
=300  \\$aonline resource (452 seconds)
=490  0\$aBiology
=500  \\$aTitle from resource description page
=520  \\$aCultured mammalian cells are used extensively in cell biology studies.  This video describes the basic skills required to freeze and store cells and how to recover frozen stocks. 
=521  \\$aFor undergraduate, graduate, and professional students
=546  \\$aEnglish
=650  \0$aBiology
=856  40$uhttps://www.jove.com/video/757
=945  \\$aThe Whole World

