=LDR  00719ngm a2200000i 4500
=001  JoVEBiology789
=008  161201s2016\\\\xx\\\\\g\\\\\\s\\\\\eng\d
=035  \\$a(OCoLC)733445860
=040  \\$aVaAlASP$cVaAlASP
=100  1\$aMorgan,Kelly
=245  12$aIsolation of Early Hematopoietic Stem Cells from Murine Yolk Sac and AGM$h[electronic resource]
=260  \\$aCambridge, MA$bMyJoVE Corp$c2016
=300  \\$aonline resource (638 seconds)
=490  0\$aBiology
=500  \\$aTitle from resource description page
=520  \\$aThis video shows how to micro-dissect the yolk sac and aorta-gonad-mesonephros region from embryos and use flow cytometry to sort hematopoietic stem cells.  
=521  \\$aFor undergraduate, graduate, and professional students
=546  \\$aEnglish
=650  \0$aBiology
=856  40$uhttps://www.jove.com/video/789
=945  \\$aThe Whole World

