=LDR  00887ngm a2200000i 4500
=001  JoVEBiology742
=008  161201s2016\\\\xx\\\\\g\\\\\\s\\\\\eng\d
=035  \\$a(OCoLC)733445860
=040  \\$aVaAlASP$cVaAlASP
=100  1\$aGekas,Christos
=245  12$aIsolation and Analysis of Hematopoietic Stem Cells from the Placenta$h[electronic resource]
=260  \\$aCambridge, MA$bMyJoVE Corp$c2016
=300  \\$aonline resource (882 seconds)
=490  0\$aBiology
=500  \\$aTitle from resource description page
=520  \\$aWe have identified the placenta as a major hematopoietic organ during development. We found that hematopoietic stem cells (HSCs) are both generated and expanded in the placenta in unique microenvironmental niches. Here, we describe experimental techniques required for isolation and visualization of HSCs in the mouse placenta.
=521  \\$aFor undergraduate, graduate, and professional students
=546  \\$aEnglish
=650  \0$aBiology
=856  40$uhttps://www.jove.com/video/742
=945  \\$aThe Whole World

