=LDR  00776ngm a2200000i 4500
=001  JoVEBiology752
=008  161201s2016\\\\xx\\\\\g\\\\\\s\\\\\eng\d
=035  \\$a(OCoLC)733445860
=040  \\$aVaAlASP$cVaAlASP
=100  1\$aRicardo,Richard
=245  12$aCounting and Determining the Viability of Cultured Cells$h[electronic resource]
=260  \\$aCambridge, MA$bMyJoVE Corp$c2016
=300  \\$aonline resource (347 seconds)
=490  0\$aBiology
=500  \\$aTitle from resource description page
=520  \\$aDetermining the number of cells in culture is important in standardization of culture conditions and in performing accurate quantitation experiments.  In this video, we demonstrate how cells are counted using a hemacytometer.  
=521  \\$aFor undergraduate, graduate, and professional students
=546  \\$aEnglish
=650  \0$aBiology
=856  40$uhttps://www.jove.com/video/752
=945  \\$aThe Whole World

