=LDR  00881ngm a2200000i 4500
=001  JoVEBiology759
=008  161201s2016\\\\xx\\\\\g\\\\\\s\\\\\eng\d
=035  \\$a(OCoLC)733445860
=040  \\$aVaAlASP$cVaAlASP
=100  1\$aGallagher,Sean
=245  12$aImmunoblot Analysis$h[electronic resource]
=260  \\$aCambridge, MA$bMyJoVE Corp$c2016
=300  \\$aonline resource (961 seconds)
=490  0\$aBiology
=500  \\$aTitle from resource description page
=520  \\$aImmunoblotting (western blotting) is a rapid and sensitive assay for the detection and characterization of proteins that works by exploiting the specificity inherent in antigen-antibody recognition.  This video provides protocols for protein separation, blotting proteins onto membranes, immunoprobing, and visualization using chromogenic or chemiluminescent substrates.
=521  \\$aFor undergraduate, graduate, and professional students
=546  \\$aEnglish
=650  \0$aBiology
=856  40$uhttps://www.jove.com/video/759
=945  \\$aThe Whole World

