=LDR  00722ngm a2200000i 4500
=001  JoVEBiology724
=008  161201s2016\\\\xx\\\\\g\\\\\\s\\\\\eng\d
=035  \\$a(OCoLC)733445860
=040  \\$aVaAlASP$cVaAlASP
=100  1\$aKhvorostov,Ivan
=245  12$aProbing for Mitochondrial Complex Activity in Human Embryonic Stem Cells$h[electronic resource]
=260  \\$aCambridge, MA$bMyJoVE Corp$c2016
=300  \\$aonline resource (762 seconds)
=490  0\$aBiology
=500  \\$aTitle from resource description page
=520  \\$aIn this video, we will show you how the mitochondrial respiratory chain complexes of human embryonic stem cells can be analyzed using in gel activity assays.
=521  \\$aFor undergraduate, graduate, and professional students
=546  \\$aEnglish
=650  \0$aBiology
=856  40$uhttps://www.jove.com/video/724
=945  \\$aThe Whole World

