=LDR  00857ngm a2200000i 4500
=001  JoVEBiology819
=008  161201s2016\\\\xx\\\\\g\\\\\\s\\\\\eng\d
=035  \\$a(OCoLC)733445860
=040  \\$aVaAlASP$cVaAlASP
=100  1\$aChiu,Kin
=245  12$aRetrograde Labeling of Retinal Ganglion Cells by Application of Fluoro-Gold on the Surface of Superior Colliculus$h[electronic resource]
=260  \\$aCambridge, MA$bMyJoVE Corp$c2016
=300  \\$aonline resource (845 seconds)
=490  0\$aBiology
=500  \\$aTitle from resource description page
=520  \\$aThis video describes the method of retrograde labeling of RGC by applying fluoro-gold (FG) on the surface of superior colliculus (SC). Technique involves drilling the skull, aspirating the cortex, and applying gelatin sponge over entire dorsal surface of SC.
=521  \\$aFor undergraduate, graduate, and professional students
=546  \\$aEnglish
=650  \0$aBiology
=856  40$uhttps://www.jove.com/video/819
=945  \\$aThe Whole World

