=LDR  00846ngm a2200000i 4500
=001  JoVEBiology731
=008  161201s2016\\\\xx\\\\\g\\\\\\s\\\\\eng\d
=035  \\$a(OCoLC)733445860
=040  \\$aVaAlASP$cVaAlASP
=100  1\$aBrembs,Bjoern
=245  12$aOperant Learning of Drosophila at the Torque Meter$h[electronic resource]
=260  \\$aCambridge, MA$bMyJoVE Corp$c2016
=300  \\$aonline resource (1051 seconds)
=490  0\$aBiology
=500  \\$aTitle from resource description page
=520  \\$aMeasuring the yaw torque of tethered Drosophila with the torque meter allows the neuroscientist exquisite control of the stimulus situation of the experimental animal. Together with the unique genetic tools available in the fruit fly, this paradigm is used for a wide variety of neurobiological research.
=521  \\$aFor undergraduate, graduate, and professional students
=546  \\$aEnglish
=650  \0$aBiology
=856  40$uhttps://www.jove.com/video/731
=945  \\$aThe Whole World

