=LDR  00807ngm a2200000i 4500
=001  JoVEBiology793
=008  161201s2016\\\\xx\\\\\g\\\\\\s\\\\\eng\d
=035  \\$a(OCoLC)733445860
=040  \\$aVaAlASP$cVaAlASP
=100  1\$aHauber,Joachim
=245  12$aInterview: HIV-1 Proviral DNA Excision Using an Evolved Recombinase$h[electronic resource]
=260  \\$aCambridge, MA$bMyJoVE Corp$c2016
=300  \\$aonline resource (620 seconds)
=490  0\$aBiology
=500  \\$aTitle from resource description page
=520  \\$aCurrent HIV-1 strategies act to suppress the viral life cycle but do not effectively eradicate infection.  Here, we demonstrate that an engineered recombinase can efficiently excise integrated HIV-1 proviral DNA from the genome of infected cells.  
=521  \\$aFor undergraduate, graduate, and professional students
=546  \\$aEnglish
=650  \0$aBiology
=856  40$uhttps://www.jove.com/video/793
=945  \\$aThe Whole World

