=LDR  00667ngm a2200000i 4500
=001  JoVEBiology758
=008  161201s2016\\\\xx\\\\\g\\\\\\s\\\\\eng\d
=035  \\$a(OCoLC)733445860
=040  \\$aVaAlASP$cVaAlASP
=100  1\$aChakavarti,Bulbul
=245  12$aElectrophoretic Separation of Proteins$h[electronic resource]
=260  \\$aCambridge, MA$bMyJoVE Corp$c2016
=300  \\$aonline resource (497 seconds)
=490  0\$aBiology
=500  \\$aTitle from resource description page
=520  \\$aIn this video, we demonstrate a method for electrophoretic separation of proteins using poly-acrylimide gel electrophoresis  (PAGE).  
=521  \\$aFor undergraduate, graduate, and professional students
=546  \\$aEnglish
=650  \0$aBiology
=856  40$uhttps://www.jove.com/video/758
=945  \\$aThe Whole World

