=LDR  00699ngm a2200000i 4500
=001  JoVEBiology755
=008  161201s2016\\\\xx\\\\\g\\\\\\s\\\\\eng\d
=035  \\$a(OCoLC)733445860
=040  \\$aVaAlASP$cVaAlASP
=100  1\$aRicardo,Richard
=245  12$aTrypsinizing and Subculturing Mammalian Cells$h[electronic resource]
=260  \\$aCambridge, MA$bMyJoVE Corp$c2016
=300  \\$aonline resource (359 seconds)
=490  0\$aBiology
=500  \\$aTitle from resource description page
=520  \\$aAs cells reach confluency, they must be subcultured or passaged.   This video will demonstrate a procedure for subculturing both adherent and suspension cells.  
=521  \\$aFor undergraduate, graduate, and professional students
=546  \\$aEnglish
=650  \0$aBiology
=856  40$uhttps://www.jove.com/video/755
=945  \\$aThe Whole World

