=LDR  00684ngm a2200000i 4500
=001  JoVEBiology722
=008  161201s2016\\\\xx\\\\\g\\\\\\s\\\\\eng\d
=035  \\$a(OCoLC)733445860
=040  \\$aVaAlASP$cVaAlASP
=100  1\$aZhang,Jin
=245  12$aFrom MEFs to Matrigel I: Passaging hESCs in the Presence of MEFs$h[electronic resource]
=260  \\$aCambridge, MA$bMyJoVE Corp$c2016
=300  \\$aonline resource (389 seconds)
=490  0\$aBiology
=500  \\$aTitle from resource description page
=520  \\$aThis video demonstrates how to grow human embryonic stem cells (hESCs) on mouse embryonic fibroblast (MEF) feeder cells. Part 1 of 3.
=521  \\$aFor undergraduate, graduate, and professional students
=546  \\$aEnglish
=650  \0$aBiology
=856  40$uhttps://www.jove.com/video/722
=945  \\$aThe Whole World

