=LDR  00870ngm a2200000i 4500
=001  JoVEBiology709
=008  161201s2016\\\\xx\\\\\g\\\\\\s\\\\\eng\d
=035  \\$a(OCoLC)733445860
=040  \\$aVaAlASP$cVaAlASP
=100  1\$aSamuels,Lacey
=245  12$aUse of Arabidopsis eceriferum Mutants to Explore Plant Cuticle Biosynthesis$h[electronic resource]
=260  \\$aCambridge, MA$bMyJoVE Corp$c2016
=300  \\$aonline resource (662 seconds)
=490  0\$aBiology
=500  \\$aTitle from resource description page
=520  \\$aThe plant cuticle is a waxy outer covering on plants that has a primary role in water conservation but is also an important barrier against the entry of pathogenic microorganisms.   In this video, we demonstrate the analysis of plant cuticle mutants identified by forward and reverse genetics approaches.
=521  \\$aFor undergraduate, graduate, and professional students
=546  \\$aEnglish
=650  \0$aBiology
=856  40$uhttps://www.jove.com/video/709
=945  \\$aThe Whole World

