=LDR  00980ngm a2200000i 4500
=001  JoVEBiology791
=008  161201s2016\\\\xx\\\\\g\\\\\\s\\\\\eng\d
=035  \\$a(OCoLC)733445860
=040  \\$aVaAlASP$cVaAlASP
=100  1\$aBuchholz,Frank
=245  12$aMolecular Evolution of the Tre Recombinase$h[electronic resource]
=260  \\$aCambridge, MA$bMyJoVE Corp$c2016
=300  \\$aonline resource (722 seconds)
=490  0\$aBiology
=500  \\$aTitle from resource description page
=520  \\$aHere we report the generation of Tre recombinase through directed, molecular evolution. Tre recombinase recognizes a pre-defined target sequence within the LTR sequences of the HIV-1 provirus, resulting in the excision and eradication of the provirus from infected human cells. While still in its infancy, directed molecular evolution will allow the creation of custom enzymes that will serve as tools of molecular surgery and molecular medicine.
=521  \\$aFor undergraduate, graduate, and professional students
=546  \\$aEnglish
=650  \0$aBiology
=856  40$uhttps://www.jove.com/video/791
=945  \\$aThe Whole World

