=LDR  01031ngm a2200000i 4500
=001  JoVEBiology718
=008  161201s2016\\\\xx\\\\\g\\\\\\s\\\\\eng\d
=035  \\$a(OCoLC)733445860
=040  \\$aVaAlASP$cVaAlASP
=100  1\$aBucholtz,Frank
=245  12$aPrinciples of Site-Specific Recombinase (SSR) Technology$h[electronic resource]
=260  \\$aCambridge, MA$bMyJoVE Corp$c2016
=300  \\$aonline resource (426 seconds)
=490  0\$aBiology
=500  \\$aTitle from resource description page
=520  \\$aThe advent of site-specific recombinase (SSR) technology and the Cre/lox system has led to numerous advances in molecular biology, and has proven itself as a valuable tool for assessing gene function in transgenic animals. This interview discusses the mechanism of site specific recombination by Cyclization recombinase (Cre) and how the use of this enzyme has led to the development of conditional mutagenesis, which has significant advantages over traditional knock out strategies.
=521  \\$aFor undergraduate, graduate, and professional students
=546  \\$aEnglish
=650  \0$aBiology
=856  40$uhttps://www.jove.com/video/718
=945  \\$aThe Whole World

