=LDR  00929ngm a2200000i 4500
=001  JoVEBiology737
=008  161201s2016\\\\xx\\\\\g\\\\\\s\\\\\eng\d
=035  \\$a(OCoLC)733445860
=040  \\$aVaAlASP$cVaAlASP
=100  1\$aHeethoff,Michael
=245  12$aNon-invasive 3D-Visualization with Sub-micron Resolution Using Synchrotron-X-ray-tomography$h[electronic resource]
=260  \\$aCambridge, MA$bMyJoVE Corp$c2016
=300  \\$aonline resource (531 seconds)
=490  0\$aBiology
=500  \\$aTitle from resource description page
=520  \\$aWe used synchrotron X-ray tomography at the European Synchrotron Radiation Facility (ESRF) to non-invasively produce 3D tomographic datasets with a pixel-resolution of 0.7µm. Using volume rendering software, this allows the reconstruction of internal structures in their natural state without the artefacts produced by histological sectioning.
=521  \\$aFor undergraduate, graduate, and professional students
=546  \\$aEnglish
=650  \0$aBiology
=856  40$uhttps://www.jove.com/video/737
=945  \\$aThe Whole World

