=LDR  01058ngm a2200000i 4500
=001  JoVEBiology761
=008  161201s2016\\\\xx\\\\\g\\\\\\s\\\\\eng\d
=035  \\$a(OCoLC)733445860
=040  \\$aVaAlASP$cVaAlASP
=100  1\$aGoude,Renan
=245  12$aElectroporation of Mycobacteria$h[electronic resource]
=260  \\$aCambridge, MA$bMyJoVE Corp$c2016
=300  \\$aonline resource (717 seconds)
=490  0\$aBiology
=500  \\$aTitle from resource description page
=520  \\$aMycobacterial pathogenic strategies remain poorly understood. The slow growth rate of most species, the impenetrable nature of the cell-wall, and the hazards of working with pathogens make mycobacteria difficult to study and are largely responsible for our poor understanding of these organisms. In this video we will demonstrate the technique of electroporation, which involves subjecting cells to a brief high electrical impulse to allow the entry of DNA.  It is the most widely used method for introducing DNA into mycobacterial cells.
=521  \\$aFor undergraduate, graduate, and professional students
=546  \\$aEnglish
=650  \0$aBiology
=856  40$uhttps://www.jove.com/video/761
=945  \\$aThe Whole World

