=LDR  00847ngm a2200000i 4500
=001  JoVEBiology564
=008  161201s2016\\\\xx\\\\\g\\\\\\s\\\\\eng\d
=035  \\$a(OCoLC)733445860
=040  \\$aVaAlASP$cVaAlASP
=100  1\$aGottwald,Eric
=245  12$aChip-based Three-dimensional Cell Culture in Perfused Micro-bioreactors$h[electronic resource]
=260  \\$aCambridge, MA$bMyJoVE Corp$c2016
=300  \\$aonline resource (759 seconds)
=490  0\$aBiology
=500  \\$aTitle from resource description page
=520  \\$aWe describe a chip-based platform for the three-dimensional cultivation of cells in micro-bioreactors. One chip can house up to 10 Mio. cells that can be cultivated under precisely defined conditions with regard to fluid flow, oxygen tension etc. in a sterile, closed circulation loop.
=521  \\$aFor undergraduate, graduate, and professional students
=546  \\$aEnglish
=650  \0$aBiology
=856  40$uhttps://www.jove.com/video/564
=945  \\$aThe Whole World

