=LDR  01028ngm a2200000i 4500
=001  JoVEBiology792
=008  161201s2016\\\\xx\\\\\g\\\\\\s\\\\\eng\d
=035  \\$a(OCoLC)733445860
=040  \\$aVaAlASP$cVaAlASP
=100  1\$aWeibezahn,Karl-Friedrich
=245  12$aInterview: Bioreactors and Surfaced-Modified 3D-Scaffolds for Stem Cell Research$h[electronic resource]
=260  \\$aCambridge, MA$bMyJoVE Corp$c2016
=300  \\$aonline resource (486 seconds)
=490  0\$aBiology
=500  \\$aTitle from resource description page
=520  \\$aIn the past many in vitro culture systems --  mainly monolayer cultures  -- often suffered from the disadvantage that differentiated primary cells had a relatively short life-span and de-differentiated during culture. As a consequence, most of their organ-specific functions were lost rapidly. Thus, in order to reproduce better conditions for these cells in vitro, modifications and adaptations have been made to conventional monolayer cultures.
=521  \\$aFor undergraduate, graduate, and professional students
=546  \\$aEnglish
=650  \0$aBiology
=856  40$uhttps://www.jove.com/video/792
=945  \\$aThe Whole World

