=LDR  00737ngm a2200000i 4500
=001  JoVEBiology701
=008  161201s2016\\\\xx\\\\\g\\\\\\s\\\\\eng\d
=035  \\$a(OCoLC)733445860
=040  \\$aVaAlASP$cVaAlASP
=100  1\$aRamsey,John Sawyer
=245  12$aTesting Nicotine Tolerance in Aphids Using an Artificial Diet Experiment$h[electronic resource]
=260  \\$aCambridge, MA$bMyJoVE Corp$c2016
=300  \\$aonline resource (379 seconds)
=490  0\$aBiology
=500  \\$aTitle from resource description page
=520  \\$aIn this video and assay is demonstrated that tests the tolerance of nicotine to two types of aphids one that infests tobacco plants in the field and one that does not.  
=521  \\$aFor undergraduate, graduate, and professional students
=546  \\$aEnglish
=650  \0$aBiology
=856  40$uhttps://www.jove.com/video/701
=945  \\$aThe Whole World

