=LDR  00953ngm a2200000i 4500
=001  JoVEBiology700
=008  161201s2016\\\\xx\\\\\g\\\\\\s\\\\\eng\d
=035  \\$a(OCoLC)733445860
=040  \\$aVaAlASP$cVaAlASP
=100  1\$aTamborindeguy,Cecilia
=245  12$aTesting the Physiological Barriers to Viral Transmission in Aphids Using Microinjection$h[electronic resource]
=260  \\$aCambridge, MA$bMyJoVE Corp$c2016
=300  \\$aonline resource (361 seconds)
=490  0\$aBiology
=500  \\$aTitle from resource description page
=520  \\$aAphids are effective transmitters of plant viruses.  Aphid microinjection of virus, the procedure we will show you today, is a technique allowing researchers to inject virus directly into the hemocoel of the aphid, bypassing the gut, one of the 2 major barriers for virus transmission in a circulative manner. The same technique is also used to inject dsRNA for RNAi.
=521  \\$aFor undergraduate, graduate, and professional students
=546  \\$aEnglish
=650  \0$aBiology
=856  40$uhttps://www.jove.com/video/700
=945  \\$aThe Whole World

