=LDR  00830ngm a2200000i 4500
=001  JoVEBiology683
=008  161201s2016\\\\xx\\\\\g\\\\\\s\\\\\eng\d
=035  \\$a(OCoLC)733445860
=040  \\$aVaAlASP$cVaAlASP
=100  1\$aDe Vos,Martin
=245  12$aChoice and No-Choice Assays for Testing the Resistance of A. thaliana to Chewing Insects$h[electronic resource]
=260  \\$aCambridge, MA$bMyJoVE Corp$c2016
=300  \\$aonline resource (504 seconds)
=490  0\$aBiology
=500  \\$aTitle from resource description page
=520  \\$aPlant resistance to chewing insect herbivores can be tested in several ways. Here, we demonstrate how to set-up a choice and a no-choice experiment with the model plant Arabidopsis thaliana to identify resistance against the pest species Pieris rapae.
=521  \\$aFor undergraduate, graduate, and professional students
=546  \\$aEnglish
=650  \0$aBiology
=856  40$uhttps://www.jove.com/video/683
=945  \\$aThe Whole World

