=LDR  00926ngm a2200000i 4500
=001  JoVEBiology699
=008  161201s2016\\\\xx\\\\\g\\\\\\s\\\\\eng\d
=035  \\$a(OCoLC)733445860
=040  \\$aVaAlASP$cVaAlASP
=100  1\$aGiselbrecht,Stefan
=245  12$aMicrofabrication of Chip-sized Scaffolds for Three-dimensional Cell cultivation$h[electronic resource]
=260  \\$aCambridge, MA$bMyJoVE Corp$c2016
=300  \\$aonline resource (577 seconds)
=490  0\$aBiology
=500  \\$aTitle from resource description page
=520  \\$aWe present two processes for the microfabrication of porous polymer chips for three-dimensional cell cultivation. The first one is hot embossing combined with a solvent vapour welding process. The second one uses a recently developed microthermoforming process combined with ion track technology leading to a significant simplification of manufacture.
=521  \\$aFor undergraduate, graduate, and professional students
=546  \\$aEnglish
=650  \0$aBiology
=856  40$uhttps://www.jove.com/video/699
=945  \\$aThe Whole World

