=LDR  00836ngm a2200000i 4500
=001  JoVEBiology772
=008  161201s2016\\\\xx\\\\\g\\\\\\s\\\\\eng\d
=035  \\$a(OCoLC)733445860
=040  \\$aVaAlASP$cVaAlASP
=100  1\$aSieber-Blum,Maya
=245  12$aMouse Epidermal Neural Crest Stem Cell (EPI-NCSC) Cultures$h[electronic resource]
=260  \\$aCambridge, MA$bMyJoVE Corp$c2016
=300  \\$aonline resource (509 seconds)
=490  0\$aBiology
=500  \\$aTitle from resource description page
=520  \\$aHere we show our method to isolate mouse epidermal neural crest stem cells (EPI-NCSC). Technique involves micro-dissecting whisker follicles, isolating the bulge and placeing it into tissue culture. EPI-NCSC start to emigrate from bulge explants onto the substratum within 3 - 4 days.
=521  \\$aFor undergraduate, graduate, and professional students
=546  \\$aEnglish
=650  \0$aBiology
=856  40$uhttps://www.jove.com/video/772
=945  \\$aThe Whole World

