=LDR  00936ngm a2200000i 4500
=001  JoVEBiology740
=008  161201s2016\\\\xx\\\\\g\\\\\\s\\\\\eng\d
=035  \\$a(OCoLC)733445860
=040  \\$aVaAlASP$cVaAlASP
=100  1\$aWilson,Kitchener
=245  12$aIn vitro and in vivo Bioluminescence Reporter Gene Imaging of Human Embryonic Stem Cells$h[electronic resource]
=260  \\$aCambridge, MA$bMyJoVE Corp$c2016
=300  \\$aonline resource (739 seconds)
=490  0\$aBiology
=500  \\$aTitle from resource description page
=520  \\$aWith the growing interest in stem cell therapies, molecular imaging techniques are ideal for monitoring stem cell behavior after transplantation. Luciferase reporter genes have enabled non-invasive, repetitive assessment of cell survival, location, and proliferation in vivo. This video will demonstrate how to track hESC proliferation in a living mouse.
=521  \\$aFor undergraduate, graduate, and professional students
=546  \\$aEnglish
=650  \0$aBiology
=856  40$uhttps://www.jove.com/video/740
=945  \\$aThe Whole World

