=LDR  00913ngm a2200000i 4500
=001  JoVEBiology751
=008  161201s2016\\\\xx\\\\\g\\\\\\s\\\\\eng\d
=035  \\$a(OCoLC)733445860
=040  \\$aVaAlASP$cVaAlASP
=100  1\$aLambert,Francine
=245  12$aTitration of Human Coronaviruses Using an Immunoperoxidase Assay$h[electronic resource]
=260  \\$aCambridge, MA$bMyJoVE Corp$c2016
=300  \\$aonline resource (720 seconds)
=490  0\$aBiology
=500  \\$aTitle from resource description page
=520  \\$a In this video, we demonstrate an alternative method for detection and titering of viruses using an enzymatic antigen detection technique known as an immunoperoxidase assay.  Here, we will show you how to collect your viral samples, prepare the cells for testing, and finally the immunoperoxidase assay using serial dilutions to determine the viral titer.
=521  \\$aFor undergraduate, graduate, and professional students
=546  \\$aEnglish
=650  \0$aBiology
=856  40$uhttps://www.jove.com/video/751
=945  \\$aThe Whole World

