=LDR  00866ngm a2200000i 4500
=001  JoVEBiology697
=008  161201s2016\\\\xx\\\\\g\\\\\\s\\\\\eng\d
=035  \\$a(OCoLC)733445860
=040  \\$aVaAlASP$cVaAlASP
=100  1\$aShefi,Orit
=245  12$aLocalized RNAi and Ectopic Gene Expression in the Medicinal Leech$h[electronic resource]
=260  \\$aCambridge, MA$bMyJoVE Corp$c2016
=300  \\$aonline resource (979 seconds)
=490  0\$aBiology
=500  \\$aTitle from resource description page
=520  \\$aIn this video, we show a procedure for an accurate biolistic delivery of reagents into live tissue with a novel miniature gene gun. We are knocking down the expression of the axon guidance molecule Netrin in leech embryos by delivering molecules of dsRNA into the ventral body wall and ganglia of single segments.
=521  \\$aFor undergraduate, graduate, and professional students
=546  \\$aEnglish
=650  \0$aBiology
=856  40$uhttps://www.jove.com/video/697
=945  \\$aThe Whole World

