=LDR  00728ngm a2200000i 4500
=001  JoVEBiology734
=008  161201s2016\\\\xx\\\\\g\\\\\\s\\\\\eng\d
=035  \\$a(OCoLC)733445860
=040  \\$aVaAlASP$cVaAlASP
=100  1\$aWelstead,G. Grant
=245  12$aGenerating iPS Cells from MEFS through Forced Expression of Sox-2, Oct-4, c-Myc, and Klf4$h[electronic resource]
=260  \\$aCambridge, MA$bMyJoVE Corp$c2016
=300  \\$aonline resource (782 seconds)
=490  0\$aBiology
=500  \\$aTitle from resource description page
=520  \\$aThis video shows the procedure for generating induced pluripotent stem cells using inducible lentivirus that express Oct4, Sox2, c-Myc and Klf4.
=521  \\$aFor undergraduate, graduate, and professional students
=546  \\$aEnglish
=650  \0$aBiology
=856  40$uhttps://www.jove.com/video/734
=945  \\$aThe Whole World

