=LDR  00875ngm a2200000i 4500
=001  JoVEBiology686
=008  161201s2016\\\\xx\\\\\g\\\\\\s\\\\\eng\d
=035  \\$a(OCoLC)733445860
=040  \\$aVaAlASP$cVaAlASP
=100  1\$aBoddington,Sophie
=245  12$a Labeling Stem Cells with Fluorescent Dyes for non-invasive Detection with Optical Imaging$h[electronic resource]
=260  \\$aCambridge, MA$bMyJoVE Corp$c2016
=300  \\$aonline resource (462 seconds)
=490  0\$aBiology
=500  \\$aTitle from resource description page
=520  \\$aThis video shows techniques for labeling of human embryonic stem cells and mesenchymal stem cells with fluorescent dyes. This technique can be used for an in vivo tracking of transplanted stem cells with optical imaging and for histopathological correlations with fluorescence microscopy.  
=521  \\$aFor undergraduate, graduate, and professional students
=546  \\$aEnglish
=650  \0$aBiology
=856  40$uhttps://www.jove.com/video/686
=945  \\$aThe Whole World

