=LDR  00874ngm a2200000i 4500
=001  JoVEBiology685
=008  161201s2016\\\\xx\\\\\g\\\\\\s\\\\\eng\d
=035  \\$a(OCoLC)733445860
=040  \\$aVaAlASP$cVaAlASP
=100  1\$aHenning,Tobias D.
=245  12$aLabeling hESCs and hMSCs with Iron Oxide Nanoparticles for Non-Invasive in vivo Tracking with MR Imaging$h[electronic resource]
=260  \\$aCambridge, MA$bMyJoVE Corp$c2016
=300  \\$aonline resource (546 seconds)
=490  0\$aBiology
=500  \\$aTitle from resource description page
=520  \\$aFor the evaluation of new stem cell therapies it is important to non-invasively track the injected cells in vivo. This video will show you how to label human mesenchymal and embryonic stem cells with iron oxide based contrast agents in vivo for subsequent MR imaging in vivo.
=521  \\$aFor undergraduate, graduate, and professional students
=546  \\$aEnglish
=650  \0$aBiology
=856  40$uhttps://www.jove.com/video/685
=945  \\$aThe Whole World

