=LDR  00826ngm a2200000i 4500
=001  JoVEBiology690
=008  161201s2016\\\\xx\\\\\g\\\\\\s\\\\\eng\d
=035  \\$a(OCoLC)733445860
=040  \\$aVaAlASP$cVaAlASP
=100  1\$aSrivastava,Jyoti
=245  12$aActin Co-Sedimentation Assay; for the Analysis of Protein Binding to F-Actin$h[electronic resource]
=260  \\$aCambridge, MA$bMyJoVE Corp$c2016
=300  \\$aonline resource (473 seconds)
=490  0\$aBiology
=500  \\$aTitle from resource description page
=520  \\$aProteins bind to filamentous actin (F-actin) through distinct actin binding modules.  In this video we demonstrate the procedure of actin co-sedimentation, which is an in vitro assay routinely used to analyze proteins or specific domains that bind F-actin.
=521  \\$aFor undergraduate, graduate, and professional students
=546  \\$aEnglish
=650  \0$aBiology
=856  40$uhttps://www.jove.com/video/690
=945  \\$aThe Whole World

