=LDR  00829ngm a2200000i 4500
=001  JoVEBiology717
=008  161201s2016\\\\xx\\\\\g\\\\\\s\\\\\eng\d
=035  \\$a(OCoLC)733445860
=040  \\$aVaAlASP$cVaAlASP
=100  1\$aMatevossian,Anouch
=245  12$aA Chromatin Assay for Human Brain Tissue$h[electronic resource]
=260  \\$aCambridge, MA$bMyJoVE Corp$c2016
=300  \\$aonline resource (691 seconds)
=490  0\$aBiology
=500  \\$aTitle from resource description page
=520  \\$aUntil recently, expression studies on human brain were limited to quantification of RNA or protein. With the chromatin immunoprecipitation techniques described in this paper, it will be possible to map histone methylation and other epigenetic regulators of gene expression in postmortem brain.
=521  \\$aFor undergraduate, graduate, and professional students
=546  \\$aEnglish
=650  \0$aBiology
=856  40$uhttps://www.jove.com/video/717
=945  \\$aThe Whole World

