=LDR  01155ngm a2200000i 4500
=001  JoVEBiology708
=008  161201s2016\\\\xx\\\\\g\\\\\\s\\\\\eng\d
=035  \\$a(OCoLC)733445860
=040  \\$aVaAlASP$cVaAlASP
=100  1\$aHoffman,Robert M.
=245  12$aTargeted Expression of GFP in the Hair Follicle Using Ex Vivo Viral Transduction$h[electronic resource]
=260  \\$aCambridge, MA$bMyJoVE Corp$c2016
=300  \\$aonline resource (328 seconds)
=490  0\$aBiology
=500  \\$aTitle from resource description page
=520  \\$aThe hair follicle is a highly complex appendage of the skin containing a multiplicity of cell types. The follicle undergoes constant cycling through the life of the organism including growth and resorption with growth dependent on specific stem cells. The targeting of the follicle by genes and stem cells to change its properties, in particular, the nature of the hair shaft is, discussed. Hair follicle delivery systems are described, such as liposomes and viral vectors for gene therapy. The nature of the hair follicle stem cells is discussed, in particular, its pluripotency.
=521  \\$aFor undergraduate, graduate, and professional students
=546  \\$aEnglish
=650  \0$aBiology
=856  40$uhttps://www.jove.com/video/708
=945  \\$aThe Whole World

