=LDR  00940ngm a2200000i 4500
=001  JoVEBiology716
=008  161201s2016\\\\xx\\\\\g\\\\\\s\\\\\eng\d
=035  \\$a(OCoLC)733445860
=040  \\$aVaAlASP$cVaAlASP
=100  1\$aCunningham,Miles G.
=245  12$aConstruction and Implantation of a Microinfusion System for Sustained Delivery of Neuroactive Agents.$h[electronic resource]
=260  \\$aCambridge, MA$bMyJoVE Corp$c2016
=300  \\$aonline resource (737 seconds)
=490  0\$aBiology
=500  \\$aTitle from resource description page
=520  \\$aAs neuroscience inquiry becomes more sophisticated, investigation of brain structures and circuitry requires improved levels of accuracy and higher resolution. We have developed a method for the preparation and implantation of a chronic infusion system within the brain utilizing a borosilicate microcannula with a tip diameter of 50 microns.
=521  \\$aFor undergraduate, graduate, and professional students
=546  \\$aEnglish
=650  \0$aBiology
=856  40$uhttps://www.jove.com/video/716
=945  \\$aThe Whole World

