=LDR  00851ngm a2200000i 4500
=001  JoVEBiology681
=008  161201s2016\\\\xx\\\\\g\\\\\\s\\\\\eng\d
=035  \\$a(OCoLC)733445860
=040  \\$aVaAlASP$cVaAlASP
=100  1\$aGolshani,Peyman
=245  12$aIn Vivo 2-Photon Calcium Imaging in Layer 2/3 of Mice$h[electronic resource]
=260  \\$aCambridge, MA$bMyJoVE Corp$c2016
=300  \\$aonline resource (490 seconds)
=490  0\$aBiology
=500  \\$aTitle from resource description page
=520  \\$aTo understand network dynamics of microcircuits in the neocortex, it is essential to simultaneously record the activity of a large number of neurons .  In-vivo two-photon calcium imaging is the only method that allows one to record the activity of a dense neuronal population with single-cell resolution .
=521  \\$aFor undergraduate, graduate, and professional students
=546  \\$aEnglish
=650  \0$aBiology
=856  40$uhttps://www.jove.com/video/681
=945  \\$aThe Whole World

