=LDR  00713ngm a2200000i 4500
=001  JoVEBiology692
=008  161201s2016\\\\xx\\\\\g\\\\\\s\\\\\eng\d
=035  \\$a(OCoLC)733445860
=040  \\$aVaAlASP$cVaAlASP
=100  1\$aChen,Chi-Shuo
=245  12$aShrinky-Dink Hanging Drops: A Simple Way to Form and Culture Embryoid Bodies$h[electronic resource]
=260  \\$aCambridge, MA$bMyJoVE Corp$c2016
=300  \\$aonline resource (443 seconds)
=490  0\$aBiology
=500  \\$aTitle from resource description page
=520  \\$aWe show a simple and rapid method to load pre-defined numbers of cells into microfabricated wells and maintain them for embryoid body development.
=521  \\$aFor undergraduate, graduate, and professional students
=546  \\$aEnglish
=650  \0$aBiology
=856  40$uhttps://www.jove.com/video/692
=945  \\$aThe Whole World

