=LDR  00853ngm a2200000i 4500
=001  JoVEBiology678
=008  161201s2016\\\\xx\\\\\g\\\\\\s\\\\\eng\d
=035  \\$a(OCoLC)733445860
=040  \\$aVaAlASP$cVaAlASP
=100  1\$aMostany,Ricardo
=245  12$aA Method for 2-Photon Imaging of Blood Flow in the Neocortex through a Cranial Window$h[electronic resource]
=260  \\$aCambridge, MA$bMyJoVE Corp$c2016
=300  \\$aonline resource (391 seconds)
=490  0\$aBiology
=500  \\$aTitle from resource description page
=520  \\$aCortical blood flow dynamics can be studied in vivo by imaging fluorescent dextran dyes injected into the tail vein of rodents with 2-photon microscopy. This video shows how to image blood flow dynamics in neocortex of mice through a glass-covered cranial window preparation.
=521  \\$aFor undergraduate, graduate, and professional students
=546  \\$aEnglish
=650  \0$aBiology
=856  40$uhttps://www.jove.com/video/678
=945  \\$aThe Whole World

