=LDR  00862ngm a2200000i 4500
=001  JoVEBiology662
=008  161201s2016\\\\xx\\\\\g\\\\\\s\\\\\eng\d
=035  \\$a(OCoLC)733445860
=040  \\$aVaAlASP$cVaAlASP
=100  1\$aLee,Aih Cheun
=245  12$aNeuronal Cell Cultures from Aplysia for High-Resolution Imaging of Growth Cones$h[electronic resource]
=260  \\$aCambridge, MA$bMyJoVE Corp$c2016
=300  \\$aonline resource (989 seconds)
=490  0\$aBiology
=500  \\$aTitle from resource description page
=520  \\$aAplysia californica neurons develop large growth cones in culture that are excellent for high-resolution imaging of growth cone motility and guidance. Here, we present a protocol for dissection and plating of Aplysia bag cell neurons as well as for setting up a chamber for live cell imaging.
=521  \\$aFor undergraduate, graduate, and professional students
=546  \\$aEnglish
=650  \0$aBiology
=856  40$uhttps://www.jove.com/video/662
=945  \\$aThe Whole World

