=LDR  00849ngm a2200000i 4500
=001  JoVEBiology680
=008  161201s2016\\\\xx\\\\\g\\\\\\s\\\\\eng\d
=035  \\$a(OCoLC)733445860
=040  \\$aVaAlASP$cVaAlASP
=100  1\$aMostany,Ricardo
=245  12$aA Craniotomy Surgery Procedure for Chronic Brain Imaging$h[electronic resource]
=260  \\$aCambridge, MA$bMyJoVE Corp$c2016
=300  \\$aonline resource (565 seconds)
=490  0\$aBiology
=500  \\$aTitle from resource description page
=520  \\$aThis video and protocol demonstrate how to implant a glass-covered cranial window in rodents. These preparations can be used for chronic in vivo two-photon imaging of the neocortex over time scales of months. It may also be used for other types of imaging, including optical intrinsic signal imaging.
=521  \\$aFor undergraduate, graduate, and professional students
=546  \\$aEnglish
=650  \0$aBiology
=856  40$uhttps://www.jove.com/video/680
=945  \\$aThe Whole World

