=LDR  00744ngm a2200000i 4500
=001  JoVEBiology675
=008  161201s2016\\\\xx\\\\\g\\\\\\s\\\\\eng\d
=035  \\$a(OCoLC)733445860
=040  \\$aVaAlASP$cVaAlASP
=100  1\$aWoods,Georgia
=245  12$aPreparation of Gene Gun Bullets and Biolistic Transfection of Neurons in Slice Culture$h[electronic resource]
=260  \\$aCambridge, MA$bMyJoVE Corp$c2016
=300  \\$aonline resource (1062 seconds)
=490  0\$aBiology
=500  \\$aTitle from resource description page
=520  \\$aWe describe a method for preparing DNA coated gold bullets and demonstrate the use of such bullets to biolistically transfect neurons in cultured hippocampal slices. 
=521  \\$aFor undergraduate, graduate, and professional students
=546  \\$aEnglish
=650  \0$aBiology
=856  40$uhttps://www.jove.com/video/675
=945  \\$aThe Whole World

