=LDR  00931ngm a2200000i 4500
=001  JoVEBiology674
=008  161201s2016\\\\xx\\\\\g\\\\\\s\\\\\eng\d
=035  \\$a(OCoLC)733445860
=040  \\$aVaAlASP$cVaAlASP
=100  1\$aWong,Kevin
=245  12$aAssessing Neural Stem Cell Motility Using an Agarose Gel-based Microfluidic Device$h[electronic resource]
=260  \\$aCambridge, MA$bMyJoVE Corp$c2016
=300  \\$aonline resource (775 seconds)
=490  0\$aBiology
=500  \\$aTitle from resource description page
=520  \\$aWe demonstrate that the over expression of epidermal growth factor receptors (EGFR) enhances the motility of neural stem cells(NSCs) using a novel agarose gel based microfluidic device. This technology can be readily adaptable to other mammalian cell systems where cell sources are scarce, such as human neural stem cells, and the turn around time is critical. 
=521  \\$aFor undergraduate, graduate, and professional students
=546  \\$aEnglish
=650  \0$aBiology
=856  40$uhttps://www.jove.com/video/674
=945  \\$aThe Whole World

