=LDR  00816ngm a2200000i 4500
=001  JoVEBiology664
=008  161201s2016\\\\xx\\\\\g\\\\\\s\\\\\eng\d
=035  \\$a(OCoLC)733445860
=040  \\$aVaAlASP$cVaAlASP
=100  1\$aBhattacharyya,Arpita
=245  12$aFabrication of the Thermoplastic Microfluidic Channels$h[electronic resource]
=260  \\$aCambridge, MA$bMyJoVE Corp$c2016
=300  \\$aonline resource (960 seconds)
=490  0\$aBiology
=500  \\$aTitle from resource description page
=520  \\$aHere we demonstrate how to fabricate thermoplastic microfluidic chips using hot embossing and heat sealing. Then we demonstrate how to use in situ light directed surface grafting and polymerization through the sealed chip to form the composite solid phase columns.
=521  \\$aFor undergraduate, graduate, and professional students
=546  \\$aEnglish
=650  \0$aBiology
=856  40$uhttps://www.jove.com/video/664
=945  \\$aThe Whole World

