=LDR  00705ngm a2200000i 4500
=001  JoVEBiology665
=008  161201s2016\\\\xx\\\\\g\\\\\\s\\\\\eng\d
=035  \\$a(OCoLC)733445860
=040  \\$aVaAlASP$cVaAlASP
=100  1\$aKlapperich,Catherine
=245  12$aMicrofluidic Applications for Disposable Diagnostics$h[electronic resource]
=260  \\$aCambridge, MA$bMyJoVE Corp$c2016
=300  \\$aonline resource (621 seconds)
=490  0\$aBiology
=500  \\$aTitle from resource description page
=520  \\$aIn this interview, Dr. Klapperich discusses the fabrication of thermoplastic microfluidic devices and their application for development of new diagnostics.
=521  \\$aFor undergraduate, graduate, and professional students
=546  \\$aEnglish
=650  \0$aBiology
=856  40$uhttps://www.jove.com/video/665
=945  \\$aThe Whole World

