=LDR  00723ngm a2200000i 4500
=001  JoVEBiology652
=008  161201s2016\\\\xx\\\\\g\\\\\\s\\\\\eng\d
=035  \\$a(OCoLC)733445860
=040  \\$aVaAlASP$cVaAlASP
=100  1\$aLadi,Ena
=245  12$aIn situ Imaging of the Mouse Thymus Using 2-Photon Microscopy$h[electronic resource]
=260  \\$aCambridge, MA$bMyJoVE Corp$c2016
=300  \\$aonline resource (900 seconds)
=490  0\$aBiology
=500  \\$aTitle from resource description page
=520  \\$aWe present step-by-step instructions for the generation of neonatal chimeras as well as the dissection and preparation of the thymus for ex vivo imaging by 2-Photon Microscopy.
=521  \\$aFor undergraduate, graduate, and professional students
=546  \\$aEnglish
=650  \0$aBiology
=856  40$uhttps://www.jove.com/video/652
=945  \\$aThe Whole World

