=LDR  00741ngm a2200000i 4500
=001  JoVEBiology636
=008  161201s2016\\\\xx\\\\\g\\\\\\s\\\\\eng\d
=035  \\$a(OCoLC)733445860
=040  \\$aVaAlASP$cVaAlASP
=100  1\$aDoan,Linda
=245  12$aRapid Genotyping of Mouse Tissue Using Sigma's Extract-N-Amp Tissue PCR Kit$h[electronic resource]
=260  \\$aCambridge, MA$bMyJoVE Corp$c2016
=300  \\$aonline resource (759 seconds)
=490  0\$aBiology
=500  \\$aTitle from resource description page
=520  \\$aThe complete genotyping of a mouse tail sample, including tissue digestion and PCR readout, is done in one and a half hours using Sigma's SYBR Green Extract-N-Amp Tissue PCR kit.
=521  \\$aFor undergraduate, graduate, and professional students
=546  \\$aEnglish
=650  \0$aBiology
=856  40$uhttps://www.jove.com/video/636
=945  \\$aThe Whole World

