=LDR  00751ngm a2200000i 4500
=001  JoVEBiology634
=008  161201s2016\\\\xx\\\\\g\\\\\\s\\\\\eng\d
=035  \\$a(OCoLC)733445860
=040  \\$aVaAlASP$cVaAlASP
=100  1\$aGarrod,Kym R.
=245  12$aMurine Skin Transplantation$h[electronic resource]
=260  \\$aCambridge, MA$bMyJoVE Corp$c2016
=300  \\$aonline resource (402 seconds)
=490  0\$aBiology
=500  \\$aTitle from resource description page
=520  \\$aAllogeneic skin transplantation is a standard model to assay host T cell responses to MHC-disparate donor antigens. This video-article provides a visual tutorial of each step involved in performing a BALB/c-->C57BL/6 skin transplant.
=521  \\$aFor undergraduate, graduate, and professional students
=546  \\$aEnglish
=650  \0$aBiology
=856  40$uhttps://www.jove.com/video/634
=945  \\$aThe Whole World

