=LDR  00750ngm a2200000i 4500
=001  JoVEBiology552
=008  161201s2016\\\\xx\\\\\g\\\\\\s\\\\\eng\d
=035  \\$a(OCoLC)733445860
=040  \\$aVaAlASP$cVaAlASP
=100  1\$aTroy,Tammy-Claire
=245  12$aImmunohistochemistry on Paraffin Sections of Mouse Epidermis Using Fluorescent Antibodies$h[electronic resource]
=260  \\$aCambridge, MA$bMyJoVE Corp$c2016
=300  \\$aonline resource (687 seconds)
=490  0\$aBiology
=500  \\$aTitle from resource description page
=520  \\$aWe describe a reliable method for immunolocalization within the epidermis modified for both frozen and paraffin sections that we use very routinely in our laboratory.
=521  \\$aFor undergraduate, graduate, and professional students
=546  \\$aEnglish
=650  \0$aBiology
=856  40$uhttps://www.jove.com/video/552
=945  \\$aThe Whole World

