=LDR  00845ngm a2200000i 4500
=001  JoVEBiology630
=008  161201s2016\\\\xx\\\\\g\\\\\\s\\\\\eng\d
=035  \\$a(OCoLC)733445860
=040  \\$aVaAlASP$cVaAlASP
=100  1\$aKing,Cristi
=245  12$aPyrosequencing: A Simple Method for Accurate Genotyping$h[electronic resource]
=260  \\$aCambridge, MA$bMyJoVE Corp$c2016
=300  \\$aonline resource (786 seconds)
=490  0\$aBiology
=500  \\$aTitle from resource description page
=520  \\$a Pyrosequencing(R) is one of the most thorough yet simple methods to date used to analyze polymorphisms. This method has led to rapid and efficient single-nucleotide polymorphism evaluation including many clinically relevant polymorphisms. The technique and methodology of Pyrosequencing is explained.
=521  \\$aFor undergraduate, graduate, and professional students
=546  \\$aEnglish
=650  \0$aBiology
=856  40$uhttps://www.jove.com/video/630
=945  \\$aThe Whole World

