=LDR  00871ngm a2200000i 4500
=001  JoVEBiology638
=008  161201s2016\\\\xx\\\\\g\\\\\\s\\\\\eng\d
=035  \\$a(OCoLC)733445860
=040  \\$aVaAlASP$cVaAlASP
=100  1\$aLouis,Matthieu
=245  12$aHigh-resolution Measurement of Odor-Driven Behavior in Drosophila Larvae$h[electronic resource]
=260  \\$aCambridge, MA$bMyJoVE Corp$c2016
=300  \\$aonline resource (1763 seconds)
=490  0\$aBiology
=500  \\$aTitle from resource description page
=520  \\$aIn this video article, we describe a new method allowing the construction of odorant gradients with stable and controllable geometries. We briefly illustrate how these gradients can be used to screen for olfactory defects (full and partial anosmia) and to study more subtle features of chemotaxis behavior.
=521  \\$aFor undergraduate, graduate, and professional students
=546  \\$aEnglish
=650  \0$aBiology
=856  40$uhttps://www.jove.com/video/638
=945  \\$aThe Whole World

