=LDR  00955ngm a2200000i 4500
=001  JoVEBiology635
=008  161201s2016\\\\xx\\\\\g\\\\\\s\\\\\eng\d
=035  \\$a(OCoLC)733445860
=040  \\$aVaAlASP$cVaAlASP
=100  1\$aKronenberg,Mitchell
=245  12$aInterview: Glycolipid Antigen Presentation by CD1d and the Therapeutic Potential of NKT cell Activation$h[electronic resource]
=260  \\$aCambridge, MA$bMyJoVE Corp$c2016
=300  \\$aonline resource (1088 seconds)
=490  0\$aBiology
=500  \\$aTitle from resource description page
=520  \\$aNatural Killer T cells (NKT) are critical determinants of the immune response to cancer, regulation of autioimmunity, clearance of infection, and the development of artheriosclerotic plaques.   In this interview, Mitch Kronenberg discusses his laboratory's efforts to understand the mechanism through which NKT cells are activated by glycolipid antigens.
=521  \\$aFor undergraduate, graduate, and professional students
=546  \\$aEnglish
=650  \0$aBiology
=856  40$uhttps://www.jove.com/video/635
=945  \\$aThe Whole World

