=LDR  00905ngm a2200000i 4500
=001  JoVEBiology562
=008  161201s2016\\\\xx\\\\\g\\\\\\s\\\\\eng\d
=035  \\$a(OCoLC)733445860
=040  \\$aVaAlASP$cVaAlASP
=100  1\$aHilgenberg,Lutz G. W.
=245  12$aPreparation of Dissociated Mouse Cortical Neuron Cultures$h[electronic resource]
=260  \\$aCambridge, MA$bMyJoVE Corp$c2016
=300  \\$aonline resource (1082 seconds)
=490  0\$aBiology
=500  \\$aTitle from resource description page
=520  \\$aThis video shows a procedure for generating neuronal cultures from late embryo and early postnatal mouse cortex. These cultures can be used for immunocytochemistry, biochemistry, electrophysiology, calcium and sodium imaging and provide a platform to study the neuronal development of transgenic animals that carry a postnatal lethal gene mutation.
=521  \\$aFor undergraduate, graduate, and professional students
=546  \\$aEnglish
=650  \0$aBiology
=856  40$uhttps://www.jove.com/video/562
=945  \\$aThe Whole World

