=LDR  00981ngm a2200000i 4500
=001  JoVEBiology574
=008  161201s2016\\\\xx\\\\\g\\\\\\s\\\\\eng\d
=035  \\$a(OCoLC)733445860
=040  \\$aVaAlASP$cVaAlASP
=100  1\$aChen,Alice E.
=245  12$aDerivation of Human Embryonic Stem Cells by Immunosurgery$h[electronic resource]
=260  \\$aCambridge, MA$bMyJoVE Corp$c2016
=300  \\$aonline resource (716 seconds)
=490  0\$aBiology
=500  \\$aTitle from resource description page
=520  \\$aThe ability of human embryonic stem cells to self-renew and differentiate into all cell types of 
the body suggests that they hold great promise for both medical applications and as a research 
tool for addressing fundamental questions in development and disease. Here, we provide a 
concise, step-by-step protocol for the derivation of human embryonic stem cells from embryos 
by immunosurgical isolation of the inner cell mass.
=521  \\$aFor undergraduate, graduate, and professional students
=546  \\$aEnglish
=650  \0$aBiology
=856  40$uhttps://www.jove.com/video/574
=945  \\$aThe Whole World

