=LDR  00722ngm a2200000i 4500
=001  JoVEBiology556
=008  161201s2016\\\\xx\\\\\g\\\\\\s\\\\\eng\d
=035  \\$a(OCoLC)733445860
=040  \\$aVaAlASP$cVaAlASP
=100  1\$aKhurana,Archana
=245  12$aA Method For Production of Recombinant mCD1d Protein in Insect Cells.$h[electronic resource]
=260  \\$aCambridge, MA$bMyJoVE Corp$c2016
=300  \\$aonline resource (581 seconds)
=490  0\$aBiology
=500  \\$aTitle from resource description page
=520  \\$aA Method to prepare Insect cells and infect them with baculovirus for the the purpose of production of recombinant mCD1d  proteinand generating mCD1d tetramers.
=521  \\$aFor undergraduate, graduate, and professional students
=546  \\$aEnglish
=650  \0$aBiology
=856  40$uhttps://www.jove.com/video/556
=945  \\$aThe Whole World

