=LDR  00724ngm a2200000i 4500
=001  JoVEBiology527
=008  161201s2016\\\\xx\\\\\g\\\\\\s\\\\\eng\d
=035  \\$a(OCoLC)733445860
=040  \\$aVaAlASP$cVaAlASP
=100  1\$aBeeton,Christine
=245  12$aIsolation of Mononuclear Cells from the Central Nervous System of Rats with EAE$h[electronic resource]
=260  \\$aCambridge, MA$bMyJoVE Corp$c2016
=300  \\$aonline resource (1251 seconds)
=490  0\$aBiology
=500  \\$aTitle from resource description page
=520  \\$aIn this video we demonstrate how to isolate mononuclear cells from the central nervous system of rats with experimental autoimmune encephalomyelitis. 
=521  \\$aFor undergraduate, graduate, and professional students
=546  \\$aEnglish
=650  \0$aBiology
=856  40$uhttps://www.jove.com/video/527
=945  \\$aThe Whole World

