=LDR  00793ngm a2200000i 4500
=001  JoVEBiology550
=008  161201s2016\\\\xx\\\\\g\\\\\\s\\\\\eng\d
=035  \\$a(OCoLC)733445860
=040  \\$aVaAlASP$cVaAlASP
=100  1\$aGavrilescu,L Cristina
=245  12$aProduction of Replication-Defective Retrovirus by Transient Transfection of 293T cells$h[electronic resource]
=260  \\$aCambridge, MA$bMyJoVE Corp$c2016
=300  \\$aonline resource (580 seconds)
=490  0\$aBiology
=500  \\$aTitle from resource description page
=520  \\$aThis technique demonstrates an efficient way to prepare replication-defective retroviral stocks encoding a human oncogene, and subsequently used for induction of myeloproliferative disease in the mouse model.
=521  \\$aFor undergraduate, graduate, and professional students
=546  \\$aEnglish
=650  \0$aBiology
=856  40$uhttps://www.jove.com/video/550
=945  \\$aThe Whole World

