=LDR  00852ngm a2200000i 4500
=001  JoVEBiology484
=008  161201s2016\\\\xx\\\\\g\\\\\\s\\\\\eng\d
=035  \\$a(OCoLC)733445860
=040  \\$aVaAlASP$cVaAlASP
=100  1\$aTseng,William
=245  12$aOrthotopic Mouse Model of Colorectal Cancer$h[electronic resource]
=260  \\$aCambridge, MA$bMyJoVE Corp$c2016
=300  \\$aonline resource (523 seconds)
=490  0\$aBiology
=500  \\$aTitle from resource description page
=520  \\$aTwo techniques can be used to establish this model: injection of a cancer cell suspension into the cecal wall or transplantation of a piece of subcutaneous tumor onto the cecum. This model is useful for studying the natural progression of colorectal cancer and testing new therapeutic agents against colorectal cancer.
=521  \\$aFor undergraduate, graduate, and professional students
=546  \\$aEnglish
=650  \0$aBiology
=856  40$uhttps://www.jove.com/video/484
=945  \\$aThe Whole World

