=LDR  00663ngm a2200000i 4500
=001  JoVEBiology410
=008  161201s2016\\\\xx\\\\\g\\\\\\s\\\\\eng\d
=035  \\$a(OCoLC)733445860
=040  \\$aVaAlASP$cVaAlASP
=100  1\$aHarris,Joseph
=245  12$aNon-plasma Bonding of PDMS for Inexpensive Fabrication of Microfluidic Devices$h[electronic resource]
=260  \\$aCambridge, MA$bMyJoVE Corp$c2016
=300  \\$aonline resource (285 seconds)
=490  0\$aBiology
=500  \\$aTitle from resource description page
=520  \\$aIn this video we demonstrate how to use the neuron microfluidic device without plasma bonding.
=521  \\$aFor undergraduate, graduate, and professional students
=546  \\$aEnglish
=650  \0$aBiology
=856  40$uhttps://www.jove.com/video/410
=945  \\$aThe Whole World

