=LDR  00875ngm a2200000i 4500
=001  JoVEBiology409
=008  161201s2016\\\\xx\\\\\g\\\\\\s\\\\\eng\d
=035  \\$a(OCoLC)733445860
=040  \\$aVaAlASP$cVaAlASP
=100  1\$aMatheu,Melanie P.
=245  12$aIsolation of CD4+ T cells from Mouse Lymph Nodes Using Miltenyi MACS Purification$h[electronic resource]
=260  \\$aCambridge, MA$bMyJoVE Corp$c2016
=300  \\$aonline resource (587 seconds)
=490  0\$aBiology
=500  \\$aTitle from resource description page
=520  \\$aIsolation of lymphocytes using the Miltenyi MACs kit is a reliable way to purify cells from whole lymphoid tissue homogenates. Cells purified using the Miltenyi system are typically ≥ 96% pure. Here, we demonstrate the steps taken to isolate CD4+ T cells, one of the many kits offered by Miltenyi.
=521  \\$aFor undergraduate, graduate, and professional students
=546  \\$aEnglish
=650  \0$aBiology
=856  40$uhttps://www.jove.com/video/409
=945  \\$aThe Whole World

