=LDR  00891ngm a2200000i 4500
=001  JoVEBiology408
=008  161201s2016\\\\xx\\\\\g\\\\\\s\\\\\eng\d
=035  \\$a(OCoLC)733445860
=040  \\$aVaAlASP$cVaAlASP
=100  1\$aBlank,Marissa C.
=245  12$aIn Ovo Electroporations of HH Stage 10 Chicken Embryos$h[electronic resource]
=260  \\$aCambridge, MA$bMyJoVE Corp$c2016
=300  \\$aonline resource (786 seconds)
=490  0\$aBiology
=500  \\$aTitle from resource description page
=520  \\$aChick in ovo electroporation is a technique which allows genetic manipulation of the avian embryo.  Common applications of this technique include functional analysis of genes and putative enhancer elements.  This video demonstrates neural tube electroporation in HH 10 chick embryos.  Injection technique and proper egg handling are discussed.
=521  \\$aFor undergraduate, graduate, and professional students
=546  \\$aEnglish
=650  \0$aBiology
=856  40$uhttps://www.jove.com/video/408
=945  \\$aThe Whole World

