=LDR  00862ngm a2200000i 4500
=001  JoVEBiology404
=008  161201s2016\\\\xx\\\\\g\\\\\\s\\\\\eng\d
=035  \\$a(OCoLC)733445860
=040  \\$aVaAlASP$cVaAlASP
=100  1\$aSzot,Gregory L.
=245  12$aTransplantation of Pancreatic Islets Into the Kidney Capsule of Diabetic Mice$h[electronic resource]
=260  \\$aCambridge, MA$bMyJoVE Corp$c2016
=300  \\$aonline resource (643 seconds)
=490  0\$aBiology
=500  \\$aTitle from resource description page
=520  \\$aOur protocol was developed to cleanly and easily deliver islets or cells under the kidney capsule of mice.  Cells are concentrated into pellets in the final tubing used for transplanting the cells under the kidney capsule. The ease of this technique reduces stress to the cells and the mouse.
=521  \\$aFor undergraduate, graduate, and professional students
=546  \\$aEnglish
=650  \0$aBiology
=856  40$uhttps://www.jove.com/video/404
=945  \\$aThe Whole World

