=LDR  00673ngm a2200000i 4500
=001  JoVEBiology402
=008  161201s2016\\\\xx\\\\\g\\\\\\s\\\\\eng\d
=035  \\$a(OCoLC)733445860
=040  \\$aVaAlASP$cVaAlASP
=100  1\$aBeeton,Christine
=245  12$aPreparing T Cell Growth Factor from Rat Splenocytes$h[electronic resource]
=260  \\$aCambridge, MA$bMyJoVE Corp$c2016
=300  \\$aonline resource (1107 seconds)
=490  0\$aBiology
=500  \\$aTitle from resource description page
=520  \\$aWe describe the preparation of T cell growth factor used for the in vitro expansion of antigen-specific rat T lymphocyte lines.
=521  \\$aFor undergraduate, graduate, and professional students
=546  \\$aEnglish
=650  \0$aBiology
=856  40$uhttps://www.jove.com/video/402
=945  \\$aThe Whole World

