=LDR  00843ngm a2200000i 4500
=001  JoVEBiology318
=008  161201s2016\\\\xx\\\\\g\\\\\\s\\\\\eng\d
=035  \\$a(OCoLC)733445860
=040  \\$aVaAlASP$cVaAlASP
=100  1\$aMittal,Nikhil
=245  12$aPatterning of Embryonic Stem Cells Using the Bio Flip Chip$h[electronic resource]
=260  \\$aCambridge, MA$bMyJoVE Corp$c2016
=300  \\$aonline resource (325 seconds)
=490  0\$aBiology
=500  \\$aTitle from resource description page
=520  \\$aWe demonstrate a simple method for placing cells at desired locations on a substrate. This method patterns cells by flipping a silicone chip containing microwells filled with cells onto the substrate. This method provides a new way to modulate diffusible and juxtacrine signaling between cells.
=521  \\$aFor undergraduate, graduate, and professional students
=546  \\$aEnglish
=650  \0$aBiology
=856  40$uhttps://www.jove.com/video/318
=945  \\$aThe Whole World

