=LDR  00865ngm a2200000i 4500
=001  JoVEBiology313
=008  161201s2016\\\\xx\\\\\g\\\\\\s\\\\\eng\d
=035  \\$a(OCoLC)733445860
=040  \\$aVaAlASP$cVaAlASP
=100  1\$aChiu,Kin
=245  12$aIntravitreous Injection for Establishing Ocular Diseases Model$h[electronic resource]
=260  \\$aCambridge, MA$bMyJoVE Corp$c2016
=300  \\$aonline resource (337 seconds)
=490  0\$aBiology
=500  \\$aTitle from resource description page
=520  \\$aIntravitreous injection is a widely used technique in visual sciences research for ocular diseases or as direct application of local treatment. This video demonstrated a protocol for intravitreous injection using a 1ml syringe with glass pipette. Useful tips about avoiding massive bleeding and lens damage are given.
=521  \\$aFor undergraduate, graduate, and professional students
=546  \\$aEnglish
=650  \0$aBiology
=856  40$uhttps://www.jove.com/video/313
=945  \\$aThe Whole World

