=LDR  00730ngm a2200000i 4500
=001  JoVEBiology311
=008  161201s2016\\\\xx\\\\\g\\\\\\s\\\\\eng\d
=035  \\$a(OCoLC)733445860
=040  \\$aVaAlASP$cVaAlASP
=100  1\$aDesai,Ravi A.
=245  12$aMicrofabricated Post-Array-Detectors (mPADs): an Approach to Isolate Mechanical Forces$h[electronic resource]
=260  \\$aCambridge, MA$bMyJoVE Corp$c2016
=300  \\$aonline resource (3694 seconds)
=490  0\$aBiology
=500  \\$aTitle from resource description page
=520  \\$aIn this video, we demonstrate how to fabricate and utilize microfabricated post array detectors (mPADs) to assess modulations of cellular contractility.
=521  \\$aFor undergraduate, graduate, and professional students
=546  \\$aEnglish
=650  \0$aBiology
=856  40$uhttps://www.jove.com/video/311
=945  \\$aThe Whole World

