=LDR  00881ngm a2200000i 4500
=001  JoVEBiology326
=008  161201s2016\\\\xx\\\\\g\\\\\\s\\\\\eng\d
=035  \\$a(OCoLC)733445860
=040  \\$aVaAlASP$cVaAlASP
=100  1\$aBeeton,Christine
=245  12$aEnrichment of NK Cells from Human Blood with the RosetteSep Kit from StemCell Technologies$h[electronic resource]
=260  \\$aCambridge, MA$bMyJoVE Corp$c2016
=300  \\$aonline resource (712 seconds)
=490  0\$aBiology
=500  \\$aTitle from resource description page
=520  \\$aNatural killer cells are a small population of lymphocytes. Here we show how to isolate these cells from human blood by negative selection, using a kit from StemCell Technologies. The cells obtained are viable and untouched by antibodies, and therefore ready to be used for a number of procedures.
=521  \\$aFor undergraduate, graduate, and professional students
=546  \\$aEnglish
=650  \0$aBiology
=856  40$uhttps://www.jove.com/video/326
=945  \\$aThe Whole World

