=LDR  00543ngm a2200000i 4500
=001  JoVEBiology309
=008  161201s2016\\\\xx\\\\\g\\\\\\s\\\\\eng\d
=035  \\$a(OCoLC)733445860
=040  \\$aVaAlASP$cVaAlASP
=100  1\$aEdwards,Robert A
=245  12$aLaser Capture Microdissection of Mammalian Tissue$h[electronic resource]
=260  \\$aCambridge, MA$bMyJoVE Corp$c2016
=300  \\$aonline resource (994 seconds)
=490  0\$aBiology
=500  \\$aTitle from resource description page
=520  \\$a
=521  \\$aFor undergraduate, graduate, and professional students
=546  \\$aEnglish
=650  \0$aBiology
=856  40$uhttps://www.jove.com/video/309
=945  \\$aThe Whole World

