=LDR  00844ngm a2200000i 4500
=001  JoVEBiology307
=008  161201s2016\\\\xx\\\\\g\\\\\\s\\\\\eng\d
=035  \\$a(OCoLC)733445860
=040  \\$aVaAlASP$cVaAlASP
=100  1\$aJ. Korn,Matthew
=245  12$aPlacing Growth Factor-Coated Beads on Early Stage Chicken Embryos$h[electronic resource]
=260  \\$aCambridge, MA$bMyJoVE Corp$c2016
=300  \\$aonline resource (565 seconds)
=490  0\$aBiology
=500  \\$aTitle from resource description page
=520  \\$aA variety of growth factors and proteins interact to induce cells to take on different cell fates during development.  Here we demonstrate the use of an in ovo preparation to address possible interactions between different proteins in development by placing beads on E2.5 chick embryos.
=521  \\$aFor undergraduate, graduate, and professional students
=546  \\$aEnglish
=650  \0$aBiology
=856  40$uhttps://www.jove.com/video/307
=945  \\$aThe Whole World

