=LDR  00814ngm a2200000i 4500
=001  JoVEBiology306
=008  161201s2016\\\\xx\\\\\g\\\\\\s\\\\\eng\d
=035  \\$a(OCoLC)733445860
=040  \\$aVaAlASP$cVaAlASP
=100  1\$aJ. Korn,Matthew
=245  12$aWindowing Chicken Eggs for Developmental Studies$h[electronic resource]
=260  \\$aCambridge, MA$bMyJoVE Corp$c2016
=300  \\$aonline resource (901 seconds)
=490  0\$aBiology
=500  \\$aTitle from resource description page
=520  \\$aThe ease of accessibility of the embryo has allowed for experiments to map cell fates using several approaches, including chick quail chimeras and focal dye labeling. In this article we demonstrate one egg preparation method that has been optimized for long survival times.
=521  \\$aFor undergraduate, graduate, and professional students
=546  \\$aEnglish
=650  \0$aBiology
=856  40$uhttps://www.jove.com/video/306
=945  \\$aThe Whole World

