=LDR  00811ngm a2200000i 4500
=001  JoVEBiology302
=008  161201s2016\\\\xx\\\\\g\\\\\\s\\\\\eng\d
=035  \\$a(OCoLC)733445860
=040  \\$aVaAlASP$cVaAlASP
=100  1\$aShaikh Mohammed,Javeed
=245  12$aBrain Slice Stimulation Using a Microfluidic Network and Standard Perfusion Chamber$h[electronic resource]
=260  \\$aCambridge, MA$bMyJoVE Corp$c2016
=300  \\$aonline resource (1678 seconds)
=490  0\$aBiology
=500  \\$aTitle from resource description page
=520  \\$aWe demonstrate fabrication of a simple microfluidic device that can be integrated with standard electrophysiology setups to expose microscale surfaces of a brain slice in a well controlled manner to different neurotransmitters.
=521  \\$aFor undergraduate, graduate, and professional students
=546  \\$aEnglish
=650  \0$aBiology
=856  40$uhttps://www.jove.com/video/302
=945  \\$aThe Whole World

