=LDR  00871ngm a2200000i 4500
=001  JoVEBiology296
=008  161201s2016\\\\xx\\\\\g\\\\\\s\\\\\eng\d
=035  \\$a(OCoLC)733445860
=040  \\$aVaAlASP$cVaAlASP
=100  1\$aLi,Nianzhen
=245  12$aMicrofluidic Chips Controlled with Elastomeric Microvalve Arrays$h[electronic resource]
=260  \\$aCambridge, MA$bMyJoVE Corp$c2016
=300  \\$aonline resource (1091 seconds)
=490  0\$aBiology
=500  \\$aTitle from resource description page
=520  \\$aWe demonstrate protocols for manufacturing and automating elastomeric polydimethylsiloxane (PDMS)-based microvalve arrays that need no extra energy to close and feature photolithographically defined precise volumes.   A parallel subnanoliter-volume mixer and an integrated microfluidic perfusion system are presented.
=521  \\$aFor undergraduate, graduate, and professional students
=546  \\$aEnglish
=650  \0$aBiology
=856  40$uhttps://www.jove.com/video/296
=945  \\$aThe Whole World

