=LDR  00890ngm a2200000i 4500
=001  JoVEBiology271
=008  161201s2016\\\\xx\\\\\g\\\\\\s\\\\\eng\d
=035  \\$a(OCoLC)733445860
=040  \\$aVaAlASP$cVaAlASP
=100  1\$aChung,Bong Geun
=245  12$aA Gradient-generating Microfluidic Device for Cell Biology$h[electronic resource]
=260  \\$aCambridge, MA$bMyJoVE Corp$c2016
=300  \\$aonline resource (665 seconds)
=490  0\$aBiology
=500  \\$aTitle from resource description page
=520  \\$aWe describe a protocol for the microfabrication of the gradient-generating microfluidic device that can generate spatial and temporal gradients in well-defined microenvironment.  In this approach, the gradient-generating microfluidic device can be used to study directed cell migration, embryogenesis, wound healing, and cancer metastasis.
=521  \\$aFor undergraduate, graduate, and professional students
=546  \\$aEnglish
=650  \0$aBiology
=856  40$uhttps://www.jove.com/video/271
=945  \\$aThe Whole World

