=LDR  00835ngm a2200000i 4500
=001  JoVEBiology270
=008  161201s2016\\\\xx\\\\\g\\\\\\s\\\\\eng\d
=035  \\$a(OCoLC)733445860
=040  \\$aVaAlASP$cVaAlASP
=100  1\$aChung,Bong Geun
=245  12$aA Microfluidic Device with Groove Patterns for Studying Cellular Behavior$h[electronic resource]
=260  \\$aCambridge, MA$bMyJoVE Corp$c2016
=300  \\$aonline resource (830 seconds)
=490  0\$aBiology
=500  \\$aTitle from resource description page
=520  \\$aWe describe a protocol for the fabrication of microfluidic devices that can enable cell capture and culture.  In this approach patterned microstructures such as grooves within microfluidic channels are used to create low shear stress regions within which cell can dock.
=521  \\$aFor undergraduate, graduate, and professional students
=546  \\$aEnglish
=650  \0$aBiology
=856  40$uhttps://www.jove.com/video/270
=945  \\$aThe Whole World

