=LDR  00937ngm a2200000i 4500
=001  JoVEBiology268
=008  161201s2016\\\\xx\\\\\g\\\\\\s\\\\\eng\d
=035  \\$a(OCoLC)733445860
=040  \\$aVaAlASP$cVaAlASP
=100  1\$aHui,Elliot E
=245  12$aSilicon Microchips for Manipulating Cell-cell Interaction$h[electronic resource]
=260  \\$aCambridge, MA$bMyJoVE Corp$c2016
=300  \\$aonline resource (1401 seconds)
=490  0\$aBiology
=500  \\$aTitle from resource description page
=520  \\$aThis article describes an experimental approach for dynamic regulation of cell-cell interactions between adherent cells on a micrometer scale. Manipulation of intercellular communication between hepatocytes and stromal cell is demonstrated. The developed platform enables investigation of cell-cell interactions in a variety of biological processes, including development and pathogenesis.
=521  \\$aFor undergraduate, graduate, and professional students
=546  \\$aEnglish
=650  \0$aBiology
=856  40$uhttps://www.jove.com/video/268
=945  \\$aThe Whole World

