=LDR  00842ngm a2200000i 4500
=001  JoVEBiology267
=008  161201s2016\\\\xx\\\\\g\\\\\\s\\\\\eng\d
=035  \\$a(OCoLC)733445860
=040  \\$aVaAlASP$cVaAlASP
=100  1\$aMarchenko,Steven
=245  12$aImmunocytochemistry: Human Neural Stem Cells$h[electronic resource]
=260  \\$aCambridge, MA$bMyJoVE Corp$c2016
=300  \\$aonline resource (1181 seconds)
=490  0\$aBiology
=500  \\$aTitle from resource description page
=520  \\$aImmunocytochemistry is a powerful method to determine the presence, subcellular localization, and relative abundance of an antigen of interest in cultured cells.  This protocol presents an easy-to-follow series of steps that will enable one to conserve antibodies and get the most out of one's staining.
=521  \\$aFor undergraduate, graduate, and professional students
=546  \\$aEnglish
=650  \0$aBiology
=856  40$uhttps://www.jove.com/video/267
=945  \\$aThe Whole World

