=LDR  00818ngm a2200000i 4500
=001  JoVEBiology266
=008  161201s2016\\\\xx\\\\\g\\\\\\s\\\\\eng\d
=035  \\$a(OCoLC)733445860
=040  \\$aVaAlASP$cVaAlASP
=100  1\$aBeeton,Christine
=245  12$aDrawing Blood from Rats through the Saphenous Vein and by Cardiac Puncture$h[electronic resource]
=260  \\$aCambridge, MA$bMyJoVE Corp$c2016
=300  \\$aonline resource (327 seconds)
=490  0\$aBiology
=500  \\$aTitle from resource description page
=520  \\$aBlood draws are necessary in a large number of studies, for example to study the pharmacokinetics profile of a compound. Here, we demonstrate how to draw blood from rats using two techniques: blood draw from the saphenous vein or by cardiac puncture.
=521  \\$aFor undergraduate, graduate, and professional students
=546  \\$aEnglish
=650  \0$aBiology
=856  40$uhttps://www.jove.com/video/266
=945  \\$aThe Whole World

