=LDR  00863ngm a2200000i 4500
=001  JoVEBiology265
=008  161201s2016\\\\xx\\\\\g\\\\\\s\\\\\eng\d
=035  \\$a(OCoLC)733445860
=040  \\$aVaAlASP$cVaAlASP
=100  1\$aMatheu,Melanie P.
=245  12$aDissection and 2-Photon Imaging of Peripheral Lymph Nodes in Mice$h[electronic resource]
=260  \\$aCambridge, MA$bMyJoVE Corp$c2016
=300  \\$aonline resource (1008 seconds)
=490  0\$aBiology
=500  \\$aTitle from resource description page
=520  \\$aTwo-photon imaging has uncovered lymphocyte motility and cellular interactions within the lymph node under basal conditions and durring an immune response 1.  Here, we demonstrate adoptive transfer of  T cells, isolation of lymph nodes, and imaging motility of CD4+ T cells in the explanted lymph node.
=521  \\$aFor undergraduate, graduate, and professional students
=546  \\$aEnglish
=650  \0$aBiology
=856  40$uhttps://www.jove.com/video/265
=945  \\$aThe Whole World

