=LDR  00718ngm a2200000i 4500
=001  JoVEBiology264
=008  161201s2016\\\\xx\\\\\g\\\\\\s\\\\\eng\d
=035  \\$a(OCoLC)733445860
=040  \\$aVaAlASP$cVaAlASP
=100  1\$aPenna,Aubin
=245  12$aWestern Blotting Using the Invitrogen NuPage Novex Bis Tris MiniGels$h[electronic resource]
=260  \\$aCambridge, MA$bMyJoVE Corp$c2016
=300  \\$aonline resource (1365 seconds)
=490  0\$aBiology
=500  \\$aTitle from resource description page
=520  \\$aThis technical article describes a standard western-blotting procedure using the commercially available NuPAGE electrophoresis Mini-Gel system from Invitrogen. 
=521  \\$aFor undergraduate, graduate, and professional students
=546  \\$aEnglish
=650  \0$aBiology
=856  40$uhttps://www.jove.com/video/264
=945  \\$aThe Whole World

