=LDR  00860ngm a2200000i 4500
=001  JoVEBiology263
=008  161201s2016\\\\xx\\\\\g\\\\\\s\\\\\eng\d
=035  \\$a(OCoLC)733445860
=040  \\$aVaAlASP$cVaAlASP
=100  1\$aMarchenko,Steven
=245  12$aPassaging Human Neural Stem Cells$h[electronic resource]
=260  \\$aCambridge, MA$bMyJoVE Corp$c2016
=300  \\$aonline resource (616 seconds)
=490  0\$aBiology
=500  \\$aTitle from resource description page
=520  \\$aThe ability to manipulate human neural stem/precursor cells (hNSPCs) in vitro allows to investigate their utility as cell transplants for therapeutic purposes and to explore human neural development. This protocol presents a method of culturing and passaging hNSPCs in hopes of increasing reproducibility of human stem cell research.
=521  \\$aFor undergraduate, graduate, and professional students
=546  \\$aEnglish
=650  \0$aBiology
=856  40$uhttps://www.jove.com/video/263
=945  \\$aThe Whole World

