=LDR  00851ngm a2200000i 4500
=001  JoVEBiology262
=008  161201s2016\\\\xx\\\\\g\\\\\\s\\\\\eng\d
=035  \\$a(OCoLC)733445860
=040  \\$aVaAlASP$cVaAlASP
=100  1\$aMarchenko,Steven
=245  12$aCounting Human Neural Stem Cells$h[electronic resource]
=260  \\$aCambridge, MA$bMyJoVE Corp$c2016
=300  \\$aonline resource (397 seconds)
=490  0\$aBiology
=500  \\$aTitle from resource description page
=520  \\$aKnowledge of the exact number of viable cells is required for many tissue culture manipulations.  This protocol describes how to differentiate between live and dead cells and quantify cells using a hemacytometer.  Although it describes counting human neural stem/precursor cells (hNSPCs), it can be used for other cell types.
=521  \\$aFor undergraduate, graduate, and professional students
=546  \\$aEnglish
=650  \0$aBiology
=856  40$uhttps://www.jove.com/video/262
=945  \\$aThe Whole World

