=LDR  00749ngm a2200000i 4500
=001  JoVEBiology261
=008  161201s2016\\\\xx\\\\\g\\\\\\s\\\\\eng\d
=035  \\$a(OCoLC)733445860
=040  \\$aVaAlASP$cVaAlASP
=100  1\$aHarris,Joseph
=245  12$aFabrication of a Microfluidic Device for the Compartmentalization of Neuron Soma and Axons$h[electronic resource]
=260  \\$aCambridge, MA$bMyJoVE Corp$c2016
=300  \\$aonline resource (658 seconds)
=490  0\$aBiology
=500  \\$aTitle from resource description page
=520  \\$aIn this video we demonstrate the technique of soft lithography with polydimethyl siloxane (PDMS) which we use to farbricate a microfluidic device for culturing neurons.
=521  \\$aFor undergraduate, graduate, and professional students
=546  \\$aEnglish
=650  \0$aBiology
=856  40$uhttps://www.jove.com/video/261
=945  \\$aThe Whole World

