=LDR  00911ngm a2200000i 4500
=001  JoVEBiology259
=008  161201s2016\\\\xx\\\\\g\\\\\\s\\\\\eng\d
=035  \\$a(OCoLC)733445860
=040  \\$aVaAlASP$cVaAlASP
=100  1\$aShah,Sunny
=245  12$aPatterning Cells on Optically Transparent Indium Tin Oxide Electrodes$h[electronic resource]
=260  \\$aCambridge, MA$bMyJoVE Corp$c2016
=300  \\$aonline resource (1576 seconds)
=490  0\$aBiology
=500  \\$aTitle from resource description page
=520  \\$aNon-fouling PEG silane monolayer was desorbed from individually addressable ITO electrodes on glass by application of a reductive potential.   Electrochemical stripping of PEG-silane layer from ITO microelectrodes allowed for cell adhesion to take place in a spatially defined fashion, with cellular patterns corresponding closely to electrode patterns.
=521  \\$aFor undergraduate, graduate, and professional students
=546  \\$aEnglish
=650  \0$aBiology
=856  40$uhttps://www.jove.com/video/259
=945  \\$aThe Whole World

