=LDR  00841ngm a2200000i 4500
=001  JoVEBiology258
=008  161201s2016\\\\xx\\\\\g\\\\\\s\\\\\eng\d
=035  \\$a(OCoLC)733445860
=040  \\$aVaAlASP$cVaAlASP
=100  1\$aLiu,Fengchun
=245  12$aSmall Bowel Transplantation In Mice$h[electronic resource]
=260  \\$aCambridge, MA$bMyJoVE Corp$c2016
=300  \\$aonline resource (2190 seconds)
=490  0\$aBiology
=500  \\$aTitle from resource description page
=520  \\$aThe mouse small bowel transplantation model has been recognized as an important tool to study mechanismes of immune rejection and screen new immunosuppressive drugs. However, this model is limited to use because the techniques involved is an extremely technically challenge. Now we introduce the modified technique.
=521  \\$aFor undergraduate, graduate, and professional students
=546  \\$aEnglish
=650  \0$aBiology
=856  40$uhttps://www.jove.com/video/258
=945  \\$aThe Whole World

