=LDR  00901ngm a2200000i 4500
=001  JoVEBiology250
=008  161201s2016\\\\xx\\\\\g\\\\\\s\\\\\eng\d
=035  \\$a(OCoLC)733445860
=040  \\$aVaAlASP$cVaAlASP
=100  1\$aRossano,Adam J.
=245  12$aLoading Drosophila Nerve Terminals with Calcium Indicators$h[electronic resource]
=260  \\$aCambridge, MA$bMyJoVE Corp$c2016
=300  \\$aonline resource (916 seconds)
=490  0\$aBiology
=500  \\$aTitle from resource description page
=520  \\$aCalcium is a ubiquitous messenger in the nervous system, essential for triggering neurotransmitter release and changes in synaptic strength. Here we demonstrate a technique for loading Ca2+-indicators into Drosophila nerve terminals. We also demonstrate fabrication of the required apparatus and emphasize points critical for the technique's success.
=521  \\$aFor undergraduate, graduate, and professional students
=546  \\$aEnglish
=650  \0$aBiology
=856  40$uhttps://www.jove.com/video/250
=945  \\$aThe Whole World

