=LDR  00817ngm a2200000i 4500
=001  JoVEBiology249
=008  161201s2016\\\\xx\\\\\g\\\\\\s\\\\\eng\d
=035  \\$a(OCoLC)733445860
=040  \\$aVaAlASP$cVaAlASP
=100  1\$aOkumura,Tetsu
=245  12$aApplication of Light-cured Dental Adhesive Resin for Mounting Electrodes or Microdialysis Probes in Chronic Experiments$h[electronic resource]
=260  \\$aCambridge, MA$bMyJoVE Corp$c2016
=300  \\$aonline resource (990 seconds)
=490  0\$aBiology
=500  \\$aTitle from resource description page
=520  \\$aIn this report, we propose a new application of light-curing dental resins for mounting base of electrodes or microdialysis probes in chronic experiments. This material allows direct bonding to the cranium. 
=521  \\$aFor undergraduate, graduate, and professional students
=546  \\$aEnglish
=650  \0$aBiology
=856  40$uhttps://www.jove.com/video/249
=945  \\$aThe Whole World

