=LDR  00790ngm a2200000i 4500
=001  JoVEBiology248
=008  161201s2016\\\\xx\\\\\g\\\\\\s\\\\\eng\d
=035  \\$a(OCoLC)733445860
=040  \\$aVaAlASP$cVaAlASP
=100  1\$aGu,Huaiyu
=245  12$aWhole Cell Recordings from Brain of Adult Drosophila$h[electronic resource]
=260  \\$aCambridge, MA$bMyJoVE Corp$c2016
=300  \\$aonline resource (567 seconds)
=490  0\$aBiology
=500  \\$aTitle from resource description page
=520  \\$aThis video demonstrates the procedure for isolating whole brains from adult Drosophila in preparation for recording from single neurons using standard whole cell technology.  It includes images of GFP labeled cells and neurons viewed during recording.
=521  \\$aFor undergraduate, graduate, and professional students
=546  \\$aEnglish
=650  \0$aBiology
=856  40$uhttps://www.jove.com/video/248
=945  \\$aThe Whole World

