=LDR  00766ngm a2200000i 4500
=001  JoVEBiology245
=008  161201s2016\\\\xx\\\\\g\\\\\\s\\\\\eng\d
=035  \\$a(OCoLC)733445860
=040  \\$aVaAlASP$cVaAlASP
=100  1\$aRothstein,Jeffrey D.
=245  12$aALS - Motor Neuron Disease: Mechanism and Development of New Therapies$h[electronic resource]
=260  \\$aCambridge, MA$bMyJoVE Corp$c2016
=300  \\$aonline resource (948 seconds)
=490  0\$aBiology
=500  \\$aTitle from resource description page
=520  \\$aJeffrey D. Rothstein speaks about the pathology and mechanisms underlying amyotrophic lateral sclerosis or ALS, advances in ALS research, and current strategies towards the development of therapies.
=521  \\$aFor undergraduate, graduate, and professional students
=546  \\$aEnglish
=650  \0$aBiology
=856  40$uhttps://www.jove.com/video/245
=945  \\$aThe Whole World

