=LDR  00591ngm a2200000i 4500
=001  JoVEBiology243
=008  161201s2016\\\\xx\\\\\g\\\\\\s\\\\\eng\d
=035  \\$a(OCoLC)733445860
=040  \\$aVaAlASP$cVaAlASP
=100  1\$aWoo,Kevin L.
=245  12$aComputer-Generated Animal Model Stimuli$h[electronic resource]
=260  \\$aCambridge, MA$bMyJoVE Corp$c2016
=300  \\$aonline resource (1603 seconds)
=490  0\$aBiology
=500  \\$aTitle from resource description page
=520  \\$aComputer-generated stimuli using the Jacky dragon as a model.
=521  \\$aFor undergraduate, graduate, and professional students
=546  \\$aEnglish
=650  \0$aBiology
=856  40$uhttps://www.jove.com/video/243
=945  \\$aThe Whole World

