=LDR  00862ngm a2200000i 4500
=001  JoVEBiology242
=008  161201s2016\\\\xx\\\\\g\\\\\\s\\\\\eng\d
=035  \\$a(OCoLC)733445860
=040  \\$aVaAlASP$cVaAlASP
=100  1\$aKurpinski,Kyle
=245  12$aMechanical Stimulation of Stem Cells Using Cyclic Uniaxial Strain$h[electronic resource]
=260  \\$aCambridge, MA$bMyJoVE Corp$c2016
=300  \\$aonline resource (1512 seconds)
=490  0\$aBiology
=500  \\$aTitle from resource description page
=520  \\$aIt is widely understood that mechanical forces in the body can influence cell differentiation and proliferation. Here we present a video protocol demonstrating the use of a custom-built bioreactor for delivering uniaxial cyclic tensile strain to stem cells cultured on flexible micropatterned substrates.
=521  \\$aFor undergraduate, graduate, and professional students
=546  \\$aEnglish
=650  \0$aBiology
=856  40$uhttps://www.jove.com/video/242
=945  \\$aThe Whole World

