=LDR  00840ngm a2200000i 4500
=001  JoVEBiology240
=008  161201s2016\\\\xx\\\\\g\\\\\\s\\\\\eng\d
=035  \\$a(OCoLC)733445860
=040  \\$aVaAlASP$cVaAlASP
=100  1\$aMarchenko,Steven
=245  12$aTransfecting Human Neural Stem Cells with the Amaxa Nucleofector$h[electronic resource]
=260  \\$aCambridge, MA$bMyJoVE Corp$c2016
=300  \\$aonline resource (684 seconds)
=490  0\$aBiology
=500  \\$aTitle from resource description page
=520  \\$aIntroducing a gene of interest into a cell is a powerful method for elucidating its function in vivo.  This protocol describes an efficient method of transfecting a culture of human neural stem/precursor cells (hNSPCs) using the Nucleofector electroporation apparatus made by Amaxa.
=521  \\$aFor undergraduate, graduate, and professional students
=546  \\$aEnglish
=650  \0$aBiology
=856  40$uhttps://www.jove.com/video/240
=945  \\$aThe Whole World

