=LDR  00847ngm a2200000i 4500
=001  JoVEBiology238
=008  161201s2016\\\\xx\\\\\g\\\\\\s\\\\\eng\d
=035  \\$a(OCoLC)733445860
=040  \\$aVaAlASP$cVaAlASP
=100  1\$aLiu,Fengchun
=245  12$aHeterotopic Heart Transplantation in Mice$h[electronic resource]
=260  \\$aCambridge, MA$bMyJoVE Corp$c2016
=300  \\$aonline resource (1423 seconds)
=490  0\$aBiology
=500  \\$aTitle from resource description page
=520  \\$aThe mouse heterotopic heart transplantation model has been proven by many investigators to be an important method for studying mechanisms of rejection and immune response.  However, the techniques involved are still challenging.  By modifying standard techniques we have had success with more than 1000 transplants.
=521  \\$aFor undergraduate, graduate, and professional students
=546  \\$aEnglish
=650  \0$aBiology
=856  40$uhttps://www.jove.com/video/238
=945  \\$aThe Whole World

