=LDR  00782ngm a2200000i 4500
=001  JoVEBiology237
=008  161201s2016\\\\xx\\\\\g\\\\\\s\\\\\eng\d
=035  \\$a(OCoLC)733445860
=040  \\$aVaAlASP$cVaAlASP
=100  1\$aBeeton,Christine
=245  12$aInduction and Monitoring of Active Delayed Type Hypersensitivity (DTH) in Rats$h[electronic resource]
=260  \\$aCambridge, MA$bMyJoVE Corp$c2016
=300  \\$aonline resource (806 seconds)
=490  0\$aBiology
=500  \\$aTitle from resource description page
=520  \\$aDelayed type hypersensitivity (DTH) is an inflammatory reaction mediated by CCR7- effector memory T lymphocytes. Here we demonstrate how to induce active DTH in Lewis rats and monitor the inflammatory response.
=521  \\$aFor undergraduate, graduate, and professional students
=546  \\$aEnglish
=650  \0$aBiology
=856  40$uhttps://www.jove.com/video/237
=945  \\$aThe Whole World

