=LDR  00791ngm a2200000i 4500
=001  JoVEBiology221
=008  161201s2016\\\\xx\\\\\g\\\\\\s\\\\\eng\d
=035  \\$a(OCoLC)733445860
=040  \\$aVaAlASP$cVaAlASP
=100  1\$aDas,Suchismita
=245  12$aProtocol for Mosquito Rearing (A. gambiae)$h[electronic resource]
=260  \\$aCambridge, MA$bMyJoVE Corp$c2016
=300  \\$aonline resource (783 seconds)
=490  0\$aBiology
=500  \\$aTitle from resource description page
=520  \\$aThis video illustrates the general techniques used to rear Anopheles gambiae in the laboratory.   The methods for caring for laboratory mosquitoes are demonstrated through all stages of the organism's life cycle from larvae to pupae to blood-feeding adults.
=521  \\$aFor undergraduate, graduate, and professional students
=546  \\$aEnglish
=650  \0$aBiology
=856  40$uhttps://www.jove.com/video/221
=945  \\$aThe Whole World

