=LDR  01074ngm a2200000i 4500
=001  JoVEBiology231
=008  161201s2016\\\\xx\\\\\g\\\\\\s\\\\\eng\d
=035  \\$a(OCoLC)733445860
=040  \\$aVaAlASP$cVaAlASP
=100  1\$aJames,Anthony A.
=245  12$aPreventing the Spread of Malaria and Dengue Fever Using Genetically Modified Mosquitoes$h[electronic resource]
=260  \\$aCambridge, MA$bMyJoVE Corp$c2016
=300  \\$aonline resource (1070 seconds)
=490  0\$aBiology
=500  \\$aTitle from resource description page
=520  \\$aIn this candid interview, Anthony A. James explains how mosquito genetics can be exploited to control malaria and dengue transmission.   Population replacement strategy, the idea that transgenic mosquitoes can be released into the wild to control disease transmission, is introduced as well as the concept of genetic drive and the design criterion for an effective genetic drive system.  The ethical considerations of releasing genetically-modified organisms into the wild are also discussed.
=521  \\$aFor undergraduate, graduate, and professional students
=546  \\$aEnglish
=650  \0$aBiology
=856  40$uhttps://www.jove.com/video/231
=945  \\$aThe Whole World

