=LDR  00823ngm a2200000i 4500
=001  JoVEBiology228
=008  161201s2016\\\\xx\\\\\g\\\\\\s\\\\\eng\d
=035  \\$a(OCoLC)733445860
=040  \\$aVaAlASP$cVaAlASP
=100  1\$aColeman,Judy
=245  12$aDissection of Midgut and Salivary Glands from Ae. aegypti Mosquitoes$h[electronic resource]
=260  \\$aCambridge, MA$bMyJoVE Corp$c2016
=300  \\$aonline resource (211 seconds)
=490  0\$aBiology
=500  \\$aTitle from resource description page
=520  \\$aThe mosquito midgut and salivary glands are key entry and exit points for vector pathogens like Plasmodium falciparum and the dengue virus.  This video demonstrates the dissection techniques for removing the midgut and salivary glands from Aedes aegypti mosquitoes.
=521  \\$aFor undergraduate, graduate, and professional students
=546  \\$aEnglish
=650  \0$aBiology
=856  40$uhttps://www.jove.com/video/228
=945  \\$aThe Whole World

