=LDR  01015ngm a2200000i 4500
=001  JoVEBiology227
=008  161201s2016\\\\xx\\\\\g\\\\\\s\\\\\eng\d
=035  \\$a(OCoLC)733445860
=040  \\$aVaAlASP$cVaAlASP
=100  1\$aMarshall,John
=245  12$aPredicting the Effectiveness of Population Replacement Strategy Using Mathematical Modeling$h[electronic resource]
=260  \\$aCambridge, MA$bMyJoVE Corp$c2016
=300  \\$aonline resource (1236 seconds)
=490  0\$aBiology
=500  \\$aTitle from resource description page
=520  \\$aCharles Taylor and John Marshall explain the utility of mathematical modeling for evaluating the effectiveness of population replacement strategy.  Insight is given into how computational models can provide information on the population dynamics of mosquitoes and the spread of transposable elements through A. gambiae subspecies.  The ethical considerations of releasing genetically modified mosquitoes into the wild are discussed.
=521  \\$aFor undergraduate, graduate, and professional students
=546  \\$aEnglish
=650  \0$aBiology
=856  40$uhttps://www.jove.com/video/227
=945  \\$aThe Whole World

