=LDR  00893ngm a2200000i 4500
=001  JoVEBiology226
=008  161201s2016\\\\xx\\\\\g\\\\\\s\\\\\eng\d
=035  \\$a(OCoLC)733445860
=040  \\$aVaAlASP$cVaAlASP
=100  1\$aSicaeros,Beatriz
=245  12$aPreparation of Neuronal Cultures from Midgastrula Stage Drosophila Embryos$h[electronic resource]
=260  \\$aCambridge, MA$bMyJoVE Corp$c2016
=300  \\$aonline resource (787 seconds)
=490  0\$aBiology
=500  \\$aTitle from resource description page
=520  \\$aThis video demonstrates the preparation of primary neuronal cultures from midgastrula stage Drosophila embryos. Views of live cultures show cells 1 hour after plating and differentiated neurons after 2 days of growth in a bicarbonate-based defined medium. The neurons are electrically excitable and form synaptic connections.
=521  \\$aFor undergraduate, graduate, and professional students
=546  \\$aEnglish
=650  \0$aBiology
=856  40$uhttps://www.jove.com/video/226
=945  \\$aThe Whole World

