=LDR  00875ngm a2200000i 4500
=001  JoVEBiology225
=008  161201s2016\\\\xx\\\\\g\\\\\\s\\\\\eng\d
=035  \\$a(OCoLC)733445860
=040  \\$aVaAlASP$cVaAlASP
=100  1\$aRasgon,Jason
=245  12$aPopulation Replacement Strategies for Controlling Vector Populations and the Use of Wolbachia pipientis for Genetic Drive$h[electronic resource]
=260  \\$aCambridge, MA$bMyJoVE Corp$c2016
=300  \\$aonline resource (621 seconds)
=490  0\$aBiology
=500  \\$aTitle from resource description page
=520  \\$aIn this interview, Jason Rasgon explains the concept of genetic drive and the characteristics of an effective gene drive system.  The use of the endosymbiotic bacterium, Wolbachia pipientis, as a means to spread genes through mosquito populations, is hypothesized.
=521  \\$aFor undergraduate, graduate, and professional students
=546  \\$aEnglish
=650  \0$aBiology
=856  40$uhttps://www.jove.com/video/225
=945  \\$aThe Whole World

