=LDR  00936ngm a2200000i 4500
=001  JoVEBiology224
=008  161201s2016\\\\xx\\\\\g\\\\\\s\\\\\eng\d
=035  \\$a(OCoLC)733445860
=040  \\$aVaAlASP$cVaAlASP
=100  1\$aBeeton,Christine
=245  12$aInduction and Clinical Scoring of Chronic-Relapsing Experimental Autoimmune Encephalomyelitis$h[electronic resource]
=260  \\$aCambridge, MA$bMyJoVE Corp$c2016
=300  \\$aonline resource (1608 seconds)
=490  0\$aBiology
=500  \\$aTitle from resource description page
=520  \\$aThis video demonstrates the induction and clinical scoring of an animal model of multiple sclerosis: chronic-relapsing experimental autoimmune encephalomyelitis in DA rats. The disease, induced by immunizing rats with an emulsion containing whole rat spinal cord and complete Freund's adjuvant, presents clinical signs resembling the human disease.
=521  \\$aFor undergraduate, graduate, and professional students
=546  \\$aEnglish
=650  \0$aBiology
=856  40$uhttps://www.jove.com/video/224
=945  \\$aThe Whole World

