=LDR  00749ngm a2200000i 4500
=001  JoVEBiology223
=008  161201s2016\\\\xx\\\\\g\\\\\\s\\\\\eng\d
=035  \\$a(OCoLC)733445860
=040  \\$aVaAlASP$cVaAlASP
=100  1\$aGamston,Courtney
=245  12$aMaintaining Wolbachia in Cell-free Medium$h[electronic resource]
=260  \\$aCambridge, MA$bMyJoVE Corp$c2016
=300  \\$aonline resource (813 seconds)
=490  0\$aBiology
=500  \\$aTitle from resource description page
=520  \\$aThis video describes a method for purifying Wolbachia pipientis from an Anopheles gambiae cell line and then culturing the endosymbiont in cell-free medium.  An assay for viability of the bacterium is demonstrated.
=521  \\$aFor undergraduate, graduate, and professional students
=546  \\$aEnglish
=650  \0$aBiology
=856  40$uhttps://www.jove.com/video/223
=945  \\$aThe Whole World

