=LDR  01001ngm a2200000i 4500
=001  JoVEBiology222
=008  161201s2016\\\\xx\\\\\g\\\\\\s\\\\\eng\d
=035  \\$a(OCoLC)733445860
=040  \\$aVaAlASP$cVaAlASP
=100  1\$aXi,Zhiyong
=245  12$aProtocol for Plasmodium falciparum Infections in Mosquitoes and Infection Phenotype Determination$h[electronic resource]
=260  \\$aCambridge, MA$bMyJoVE Corp$c2016
=300  \\$aonline resource (850 seconds)
=490  0\$aBiology
=500  \\$aTitle from resource description page
=520  \\$aOnce a gene is identified as potentially refractory for malaria, it must be evaluated for its role in preventing Plasmodium infections within the mosquito.    This protocol illustrates how the extent of plasmodium infections of mosquitoes can be assayed.  The techniques for preparing the gametocyte culture, membrane feeding mosquitoes human blood, and assaying viral titers in the mosquito midgut are demonstrated.
=521  \\$aFor undergraduate, graduate, and professional students
=546  \\$aEnglish
=650  \0$aBiology
=856  40$uhttps://www.jove.com/video/222
=945  \\$aThe Whole World

