=LDR  00854ngm a2200000i 4500
=001  JoVEBiology219
=008  161201s2016\\\\xx\\\\\g\\\\\\s\\\\\eng\d
=035  \\$a(OCoLC)733445860
=040  \\$aVaAlASP$cVaAlASP
=100  1\$aJasinskiene,Nijole
=245  12$aMicroinjection of A. aegypti Embryos to Obtain Transgenic Mosquitoes$h[electronic resource]
=260  \\$aCambridge, MA$bMyJoVE Corp$c2016
=300  \\$aonline resource (1059 seconds)
=490  0\$aBiology
=500  \\$aTitle from resource description page
=520  \\$aIn this video, Nijole Jasinskiene demonstrates the methodology employed to generate transgenic Aedes aegypti mosquitoes, which are vectors for dengue fever.  The techniques for correctly preparing microinjection needles, dessicating embryos, and performing microinjection are demonstrated.
=521  \\$aFor undergraduate, graduate, and professional students
=546  \\$aEnglish
=650  \0$aBiology
=856  40$uhttps://www.jove.com/video/219
=945  \\$aThe Whole World

