=LDR  00942ngm a2200000i 4500
=001  JoVEBiology216
=008  161201s2016\\\\xx\\\\\g\\\\\\s\\\\\eng\d
=035  \\$a(OCoLC)733445860
=040  \\$aVaAlASP$cVaAlASP
=100  1\$aTerenius,Olle
=245  12$aInjection of An. stephensi Embryos to Generate Malaria-resistant Mosquitoes$h[electronic resource]
=260  \\$aCambridge, MA$bMyJoVE Corp$c2016
=300  \\$aonline resource (414 seconds)
=490  0\$aBiology
=500  \\$aTitle from resource description page
=520  \\$aAnopheles stephensi mosquitoes are vectors for malaria inhabiting India and throughout Asia.  This video demonstrates the technique for performing microinjections of this species with transgenes that will confer resistance to the malaria to the mosquito.  Much of the methodology demonstrated in this video is applicable to microinjection techniques of other mosquito species.
=521  \\$aFor undergraduate, graduate, and professional students
=546  \\$aEnglish
=650  \0$aBiology
=856  40$uhttps://www.jove.com/video/216
=945  \\$aThe Whole World

