=LDR  00962ngm a2200000i 4500
=001  JoVEBiology215
=008  161201s2016\\\\xx\\\\\g\\\\\\s\\\\\eng\d
=035  \\$a(OCoLC)733445860
=040  \\$aVaAlASP$cVaAlASP
=100  1\$aLuna,Brian M.
=245  12$aInjection of dsRNA into Female A. aegypti Mosquitos$h[electronic resource]
=260  \\$aCambridge, MA$bMyJoVE Corp$c2016
=300  \\$aonline resource (264 seconds)
=490  0\$aBiology
=500  \\$aTitle from resource description page
=520  \\$aReverse genetic approaches have proven extremely useful for determining  which genes underly resistance to vector pathogens in mosquitoes.  This video protocol illustrates a method used by the James lab to inject dsRNA into female A. aegypti mosquitoes, which harbor the dengue virus.  The technique for calibrating injection needles, manipulating the injection setup, and injecting dsRNA into the thorax is illustrated.
=521  \\$aFor undergraduate, graduate, and professional students
=546  \\$aEnglish
=650  \0$aBiology
=856  40$uhttps://www.jove.com/video/215
=945  \\$aThe Whole World

