=LDR  00784ngm a2200000i 4500
=001  JoVEBiology210
=008  161201s2016\\\\xx\\\\\g\\\\\\s\\\\\eng\d
=035  \\$a(OCoLC)733445860
=040  \\$aVaAlASP$cVaAlASP
=100  1\$aAsai,Akihiro
=245  12$aIn vivo Micro-circulation Measurement in Skeletal Muscle by Intra-vital Microscopy$h[electronic resource]
=260  \\$aCambridge, MA$bMyJoVE Corp$c2016
=300  \\$aonline resource (451 seconds)
=490  0\$aBiology
=500  \\$aTitle from resource description page
=520  \\$aA new versatile method for observation of microcirculation is presented.  It is considered suitable for long-term observation, and for combination with pharmacophysiological or molecular biological interventions.
=521  \\$aFor undergraduate, graduate, and professional students
=546  \\$aEnglish
=650  \0$aBiology
=856  40$uhttps://www.jove.com/video/210
=945  \\$aThe Whole World

