=LDR  00614ngm a2200000i 4500
=001  JoVEBiology209
=008  161201s2016\\\\xx\\\\\g\\\\\\s\\\\\eng\d
=035  \\$a(OCoLC)733445860
=040  \\$aVaAlASP$cVaAlASP
=100  1\$aAsundi,Krishna
=245  12$aEx vivo Mechanical Loading of Tendon$h[electronic resource]
=260  \\$aCambridge, MA$bMyJoVE Corp$c2016
=300  \\$aonline resource (696 seconds)
=490  0\$aBiology
=500  \\$aTitle from resource description page
=520  \\$aA new in vitro system for simultaneously loading four tendons in culture is described.
=521  \\$aFor undergraduate, graduate, and professional students
=546  \\$aEnglish
=650  \0$aBiology
=856  40$uhttps://www.jove.com/video/209
=945  \\$aThe Whole World

