=LDR  00835ngm a2200000i 4500
=001  JoVEBiology208
=008  161201s2016\\\\xx\\\\\g\\\\\\s\\\\\eng\d
=035  \\$a(OCoLC)733445860
=040  \\$aVaAlASP$cVaAlASP
=100  1\$aRamos,Diane
=245  12$aIn situ Protocol for Butterfly Pupal Wings Using Riboprobes$h[electronic resource]
=260  \\$aCambridge, MA$bMyJoVE Corp$c2016
=300  \\$aonline resource (379 seconds)
=490  0\$aBiology
=500  \\$aTitle from resource description page
=520  \\$aIn order to examine gene expression in the pupal wing tissue of Bicyclus anynana, we present an optimized protocol for in situ hybridizations using riboprobes.  We also provide guidelines for the further optimization of this protocol for use in pupal wings of other Lepidopteran species.
=521  \\$aFor undergraduate, graduate, and professional students
=546  \\$aEnglish
=650  \0$aBiology
=856  40$uhttps://www.jove.com/video/208
=945  \\$aThe Whole World

