=LDR  00826ngm a2200000i 4500
=001  JoVEBiology203
=008  161201s2016\\\\xx\\\\\g\\\\\\s\\\\\eng\d
=035  \\$a(OCoLC)733445860
=040  \\$aVaAlASP$cVaAlASP
=100  1\$aSeymour,Justin R.
=245  12$aChemotactic Response of Marine Micro-Organisms to Micro-Scale Nutrient Layers$h[electronic resource]
=260  \\$aCambridge, MA$bMyJoVE Corp$c2016
=300  \\$aonline resource (1358 seconds)
=490  0\$aBiology
=500  \\$aTitle from resource description page
=520  \\$aThe fabrication of microfluidic channels and their implementation in experiments for studying the chemotactic foraging behaviour of marine microbes within a patchy nutrient seascape and the swimming behaviour of bacteria within shear flow are described.
=521  \\$aFor undergraduate, graduate, and professional students
=546  \\$aEnglish
=650  \0$aBiology
=856  40$uhttps://www.jove.com/video/203
=945  \\$aThe Whole World

