=LDR  00534ngm a2200000i 4500
=001  JoVEBiology201
=008  161201s2016\\\\xx\\\\\g\\\\\\s\\\\\eng\d
=035  \\$a(OCoLC)733445860
=040  \\$aVaAlASP$cVaAlASP
=100  1\$aPham,Vinh D.
=245  12$aLarge-Scale Screens of Metagenomic Libraries$h[electronic resource]
=260  \\$aCambridge, MA$bMyJoVE Corp$c2016
=300  \\$aonline resource (965 seconds)
=490  0\$aBiology
=500  \\$aTitle from resource description page
=520  \\$a
=521  \\$aFor undergraduate, graduate, and professional students
=546  \\$aEnglish
=650  \0$aBiology
=856  40$uhttps://www.jove.com/video/201
=945  \\$aThe Whole World

