=LDR  00772ngm a2200000i 4500
=001  JoVEBiology200
=008  161201s2016\\\\xx\\\\\g\\\\\\s\\\\\eng\d
=035  \\$a(OCoLC)733445860
=040  \\$aVaAlASP$cVaAlASP
=100  1\$aSicaeros,Beatriz
=245  12$aPrimary Neuronal Cultures from the Brains of Late Stage Drosophila Pupae$h[electronic resource]
=260  \\$aCambridge, MA$bMyJoVE Corp$c2016
=300  \\$aonline resource (912 seconds)
=490  0\$aBiology
=500  \\$aTitle from resource description page
=520  \\$aThis video demonstrates the preparation of primary neuronal cultures from the brains of late stage Drosophila pupae. Views of live cultures show neurite outgrowth and imaging of calcium levels using Fura-2.
=521  \\$aFor undergraduate, graduate, and professional students
=546  \\$aEnglish
=650  \0$aBiology
=856  40$uhttps://www.jove.com/video/200
=945  \\$aThe Whole World

