=LDR  00861ngm a2200000i 4500
=001  JoVEBiology198
=008  161201s2016\\\\xx\\\\\g\\\\\\s\\\\\eng\d
=035  \\$a(OCoLC)733445860
=040  \\$aVaAlASP$cVaAlASP
=100  1\$aCurrle,D. Spencer
=245  12$aFlash Freezing and Cryosectioning E12.5 Mouse Brain$h[electronic resource]
=260  \\$aCambridge, MA$bMyJoVE Corp$c2016
=300  \\$aonline resource (1712 seconds)
=490  0\$aBiology
=500  \\$aTitle from resource description page
=520  \\$aDemonstrated in this video are the techniques for flash freezing and sectioning embryonic brain tissue from mouse.  Useful tips for using the cryostat are given, including troubleshooting methods that can be used while cutting to ensure that the resultant tissues sections are free of cracks and other distortions.
=521  \\$aFor undergraduate, graduate, and professional students
=546  \\$aEnglish
=650  \0$aBiology
=856  40$uhttps://www.jove.com/video/198
=945  \\$aThe Whole World

