=LDR  00938ngm a2200000i 4500
=001  JoVEBiology196
=008  161201s2016\\\\xx\\\\\g\\\\\\s\\\\\eng\d
=035  \\$a(OCoLC)733445860
=040  \\$aVaAlASP$cVaAlASP
=100  1\$aLeadbetter,Jared
=245  12$aInvestigating the Microbial Community in the Termite Hindgut - Interview$h[electronic resource]
=260  \\$aCambridge, MA$bMyJoVE Corp$c2016
=300  \\$aonline resource (1262 seconds)
=490  0\$aBiology
=500  \\$aTitle from resource description page
=520  \\$aJared Leadbetter explains why the termite-gut microbial community is an excellent system for studying the complex interactions between microbes.     The symbiotic relationship existing between the host insect and lignocellulose-degrading gut microbes is explained, as well as the industrial uses of these microbes for degrading plant biomass and generating biofuels.     
=521  \\$aFor undergraduate, graduate, and professional students
=546  \\$aEnglish
=650  \0$aBiology
=856  40$uhttps://www.jove.com/video/196
=945  \\$aThe Whole World

