=LDR  00897ngm a2200000i 4500
=001  JoVEBiology195
=008  161201s2016\\\\xx\\\\\g\\\\\\s\\\\\eng\d
=035  \\$a(OCoLC)733445860
=040  \\$aVaAlASP$cVaAlASP
=100  1\$aMatson,Eric
=245  12$aExtracting DNA from the Gut Microbes of the Termite (Zootermopsis Angusticollis) and Visualizing Gut Microbes$h[electronic resource]
=260  \\$aCambridge, MA$bMyJoVE Corp$c2016
=300  \\$aonline resource (927 seconds)
=490  0\$aBiology
=500  \\$aTitle from resource description page
=520  \\$aThis video illustrates the technique for extracting DNA from the species of microbes resident in the termite hindgut.  The preparation of a wet mount slide, which is useful for visualizing the gut microbial community is also illustrated, and a tour through the species-rich gut environment is given.
=521  \\$aFor undergraduate, graduate, and professional students
=546  \\$aEnglish
=650  \0$aBiology
=856  40$uhttps://www.jove.com/video/195
=945  \\$aThe Whole World

