=LDR  00843ngm a2200000i 4500
=001  JoVEBiology193
=008  161201s2016\\\\xx\\\\\g\\\\\\s\\\\\eng\d
=035  \\$a(OCoLC)733445860
=040  \\$aVaAlASP$cVaAlASP
=100  1\$aShiraiwa,Takashi
=245  12$aProboscis Extension Response (PER) Assay in Drosophila$h[electronic resource]
=260  \\$aCambridge, MA$bMyJoVE Corp$c2016
=300  \\$aonline resource (1422 seconds)
=490  0\$aBiology
=500  \\$aTitle from resource description page
=520  \\$aProboscis extension response or PER is a taste behavior assay that has been used in flies as well as in honeybees.  When the proboscis makes contact with an attractive substance, the fly extends its proboscis to consume the substance. Solutions of various sugars are very attractive to the fly.
=521  \\$aFor undergraduate, graduate, and professional students
=546  \\$aEnglish
=650  \0$aBiology
=856  40$uhttps://www.jove.com/video/193
=945  \\$aThe Whole World

