=LDR  00729ngm a2200000i 4500
=001  JoVEBiology190
=008  161201s2016\\\\xx\\\\\g\\\\\\s\\\\\eng\d
=035  \\$a(OCoLC)733445860
=040  \\$aVaAlASP$cVaAlASP
=100  1\$aLye,Ming H.
=245  12$aOrganotypic Culture of Adult Rabbit Retina$h[electronic resource]
=260  \\$aCambridge, MA$bMyJoVE Corp$c2016
=300  \\$aonline resource (612 seconds)
=490  0\$aBiology
=500  \\$aTitle from resource description page
=520  \\$aThis article demonstrates the dissection and incubation of rabbit retina and particle-mediated gene transfer of plasmids encoding GFP or a variety of subcellular markers into retinal ganglion cells.
=521  \\$aFor undergraduate, graduate, and professional students
=546  \\$aEnglish
=650  \0$aBiology
=856  40$uhttps://www.jove.com/video/190
=945  \\$aThe Whole World

