=LDR  00690ngm a2200000i 4500
=001  JoVEBiology189
=008  161201s2016\\\\xx\\\\\g\\\\\\s\\\\\eng\d
=035  \\$a(OCoLC)733445860
=040  \\$aVaAlASP$cVaAlASP
=100  1\$aIsacson,Ole
=245  12$aOle Isacson: Development of New Therapies for Parkinson's Disease$h[electronic resource]
=260  \\$aCambridge, MA$bMyJoVE Corp$c2016
=300  \\$aonline resource (1433 seconds)
=490  0\$aBiology
=500  \\$aTitle from resource description page
=520  \\$aOle Isacson gives a concise overview of Parkinsons's disease, its causes, therapeutic strategies, and advances in Parkinson's research.
=521  \\$aFor undergraduate, graduate, and professional students
=546  \\$aEnglish
=650  \0$aBiology
=856  40$uhttps://www.jove.com/video/189
=945  \\$aThe Whole World

