=LDR  00879ngm a2200000i 4500
=001  JoVEBiology188
=008  161201s2016\\\\xx\\\\\g\\\\\\s\\\\\eng\d
=035  \\$a(OCoLC)733445860
=040  \\$aVaAlASP$cVaAlASP
=100  1\$aOgata,Souichi
=245  12$aPlastic Embedding and Sectioning of Xenopus laevis Embryos$h[electronic resource]
=260  \\$aCambridge, MA$bMyJoVE Corp$c2016
=300  \\$aonline resource (879 seconds)
=490  0\$aBiology
=500  \\$aTitle from resource description page
=520  \\$aPlastic sections maintain true tissue morphology in thin sections of tissue that can be immunostained with fluorescent secondary antibodies, making this method more useful than paraffin-embedded or frozen sections for many types of tissue.  The method for staining, plastic embedding, and sectioning is demonstrated in this video.
=521  \\$aFor undergraduate, graduate, and professional students
=546  \\$aEnglish
=650  \0$aBiology
=856  40$uhttps://www.jove.com/video/188
=945  \\$aThe Whole World

