=LDR  01040ngm a2200000i 4500
=001  JoVEBiology187
=008  161201s2016\\\\xx\\\\\g\\\\\\s\\\\\eng\d
=035  \\$a(OCoLC)733445860
=040  \\$aVaAlASP$cVaAlASP
=100  1\$aOgata,Souichi
=245  12$aDissection of Organizer and Animal Pole Explants from Xenopus laevis Embryos and Assembly of a Cell Adhesion Assay$h[electronic resource]
=260  \\$aCambridge, MA$bMyJoVE Corp$c2016
=300  \\$aonline resource (861 seconds)
=490  0\$aBiology
=500  \\$aTitle from resource description page
=520  \\$aThis video demonstrates the technique used for preparation of organizer and animal pole explants from Xenopus laevis embryos, including the use of the eyebrow knife - a specialized dissection tool made of one's eyebrow.  The protocol for assembling an adhesion assay is also given, which probes for the presence of key adhesion molecules present on the surface organizer or animal pole cells that are critical for proper development.  
=521  \\$aFor undergraduate, graduate, and professional students
=546  \\$aEnglish
=650  \0$aBiology
=856  40$uhttps://www.jove.com/video/187
=945  \\$aThe Whole World

