=LDR  00797ngm a2200000i 4500
=001  JoVEBiology186
=008  161201s2016\\\\xx\\\\\g\\\\\\s\\\\\eng\d
=035  \\$a(OCoLC)733445860
=040  \\$aVaAlASP$cVaAlASP
=100  1\$aNakatsu,Martin N.
=245  12$aOptimized Fibrin Gel Bead Assay for the Study of Angiogenesis$h[electronic resource]
=260  \\$aCambridge, MA$bMyJoVE Corp$c2016
=300  \\$aonline resource (854 seconds)
=490  0\$aBiology
=500  \\$aTitle from resource description page
=520  \\$aThis video demonstrates the protocol of an in vitro angiogenesis assay that recapitulates several stages of angiogenesis.  Time-lapse images of sprouting, lumen formation, branching and anastomosis - key features of angiogenesis - are shown.
=521  \\$aFor undergraduate, graduate, and professional students
=546  \\$aEnglish
=650  \0$aBiology
=856  40$uhttps://www.jove.com/video/186
=945  \\$aThe Whole World

