=LDR  00879ngm a2200000i 4500
=001  JoVEBiology194
=008  161201s2016\\\\xx\\\\\g\\\\\\s\\\\\eng\d
=035  \\$a(OCoLC)733445860
=040  \\$aVaAlASP$cVaAlASP
=100  1\$aPark,Jae-Joon
=245  12$aThin Sectioning of Slice Preparations for Immunohistochemistry$h[electronic resource]
=260  \\$aCambridge, MA$bMyJoVE Corp$c2016
=300  \\$aonline resource (492 seconds)
=490  0\$aBiology
=500  \\$aTitle from resource description page
=520  \\$aThe present method allows reproducible cryostat sectioning of small, difficult-to-manage, tissue pieces, such as biopsies and brain slices.  We utilize a simple aluminum freezing stage to facilitate handling of tissue and a standard cryostat to routinely produce 5-10 micron serial sections from 400 micron thick brain slices.
=521  \\$aFor undergraduate, graduate, and professional students
=546  \\$aEnglish
=650  \0$aBiology
=856  40$uhttps://www.jove.com/video/194
=945  \\$aThe Whole World

