=LDR  00774ngm a2200000i 4500
=001  JoVEBiology185
=008  161201s2016\\\\xx\\\\\g\\\\\\s\\\\\eng\d
=035  \\$a(OCoLC)733445860
=040  \\$aVaAlASP$cVaAlASP
=100  1\$aDuselis,Amanda R.
=245  12$aRetrieval of Mouse Oocytes$h[electronic resource]
=260  \\$aCambridge, MA$bMyJoVE Corp$c2016
=300  \\$aonline resource (522 seconds)
=490  0\$aBiology
=500  \\$aTitle from resource description page
=520  \\$aThis protocol illustrates the technique for extracting oocytes or early-stage fertilized embryos from the oviduct of mice. The ability to identify the infindibulum and insert a blunt end needle into it is essential to correctly performing the procedure.
=521  \\$aFor undergraduate, graduate, and professional students
=546  \\$aEnglish
=650  \0$aBiology
=856  40$uhttps://www.jove.com/video/185
=945  \\$aThe Whole World

