=LDR  00770ngm a2200000i 4500
=001  JoVEBiology184
=008  161201s2016\\\\xx\\\\\g\\\\\\s\\\\\eng\d
=035  \\$a(OCoLC)733445860
=040  \\$aVaAlASP$cVaAlASP
=100  1\$aDuselis,Amanda R.
=245  12$aHarvesting Sperm and Artificial Insemination of Mice$h[electronic resource]
=260  \\$aCambridge, MA$bMyJoVE Corp$c2016
=300  \\$aonline resource (600 seconds)
=490  0\$aBiology
=500  \\$aTitle from resource description page
=520  \\$aThis protocol demonstrates methods for extracting sperm from the testes of males and then inseminating female mice.   This procedure is useful when precise time is needed in developmental studies as well as transgenic work.
=521  \\$aFor undergraduate, graduate, and professional students
=546  \\$aEnglish
=650  \0$aBiology
=856  40$uhttps://www.jove.com/video/184
=945  \\$aThe Whole World

