=LDR  00836ngm a2200000i 4500
=001  JoVEBiology183
=008  161201s2016\\\\xx\\\\\g\\\\\\s\\\\\eng\d
=035  \\$a(OCoLC)733445860
=040  \\$aVaAlASP$cVaAlASP
=100  1\$aDavis,Jaeger
=245  12$aIsolation of Human Umbilical Vein Endothelial Cells (HUVEC)$h[electronic resource]
=260  \\$aCambridge, MA$bMyJoVE Corp$c2016
=300  \\$aonline resource (559 seconds)
=490  0\$aBiology
=500  \\$aTitle from resource description page
=520  \\$aThis video protocol illustrates the isolation and culture of human umbilical vein endothelial cells (HUVEC) from human umbilical cord.   Once isolated these cells can be used for in vitro angiogenesis assays like the Optimized Fibrin Gel Bead Assay also demonstrated by the Hughes lab.

=521  \\$aFor undergraduate, graduate, and professional students
=546  \\$aEnglish
=650  \0$aBiology
=856  40$uhttps://www.jove.com/video/183
=945  \\$aThe Whole World

