=LDR  00899ngm a2200000i 4500
=001  JoVEBiology175
=008  161201s2016\\\\xx\\\\\g\\\\\\s\\\\\eng\d
=035  \\$a(OCoLC)733445860
=040  \\$aVaAlASP$cVaAlASP
=100  1\$aHughes,Christopher C.W.
=245  12$aChristopher Hughes:  An in vitro model for the Study of Angiogenesis (Interview)$h[electronic resource]
=260  \\$aCambridge, MA$bMyJoVE Corp$c2016
=300  \\$aonline resource (629 seconds)
=490  0\$aBiology
=500  \\$aTitle from resource description page
=520  \\$aChristopher C.W. Hughes describes the utility of his culture system for studying angiogenesis in vitro.  He explains the importance of fibroblasts that secrete a critical, yet unidentified, soluble factor that allow endothelial cells to form vessels in culture that branch, form proper lumens, and undergo anastamosis.
=521  \\$aFor undergraduate, graduate, and professional students
=546  \\$aEnglish
=650  \0$aBiology
=856  40$uhttps://www.jove.com/video/175
=945  \\$aThe Whole World

