=LDR  00828ngm a2200000i 4500
=001  JoVEBiology163
=008  161201s2016\\\\xx\\\\\g\\\\\\s\\\\\eng\d
=035  \\$a(OCoLC)733445860
=040  \\$aVaAlASP$cVaAlASP
=100  1\$aPeter,Yakov
=245  12$aTracheotomy: A Method for Transplantation of Stem Cells to the Lung$h[electronic resource]
=260  \\$aCambridge, MA$bMyJoVE Corp$c2016
=300  \\$aonline resource (225 seconds)
=490  0\$aBiology
=500  \\$aTitle from resource description page
=520  \\$aSignificant breakthroughs in stem cell identification are continuously being made. To translate these discoveries, however, novel methods for cellular delivery must be devised. Here I report that the airways provide a safe route for stem cell transplantation to the lungs.
=521  \\$aFor undergraduate, graduate, and professional students
=546  \\$aEnglish
=650  \0$aBiology
=856  40$uhttps://www.jove.com/video/163
=945  \\$aThe Whole World

