=LDR  00930ngm a2200000i 4500
=001  JoVEBiology162
=008  161201s2016\\\\xx\\\\\g\\\\\\s\\\\\eng\d
=035  \\$a(OCoLC)733445860
=040  \\$aVaAlASP$cVaAlASP
=100  1\$aMcKinney-Freeman,Shannon
=245  12$aDerivation of Hematopoietic Stem Cells from Murine Embryonic Stem Cells$h[electronic resource]
=260  \\$aCambridge, MA$bMyJoVE Corp$c2016
=300  \\$aonline resource (1326 seconds)
=490  0\$aBiology
=500  \\$aTitle from resource description page
=520  \\$aThis protocol details the derivation of transplantable hematopoietic stem cells from mouse embryonic stem cells (ESC) and their subsequent injection into lethally irradiated recipient mice.  Briefly, ESC are differentiated as embryoid bodies, which are then infected with retroviral HoxB4 and co-cultured with OP9 stromal cells and hematopoietic cytokines.
=521  \\$aFor undergraduate, graduate, and professional students
=546  \\$aEnglish
=650  \0$aBiology
=856  40$uhttps://www.jove.com/video/162
=945  \\$aThe Whole World

