=LDR  00860ngm a2200000i 4500
=001  JoVEBiology160
=008  161201s2016\\\\xx\\\\\g\\\\\\s\\\\\eng\d
=035  \\$a(OCoLC)733445860
=040  \\$aVaAlASP$cVaAlASP
=100  1\$aShea,Kelly
=245  12$aDissection of 6.5 dpc Mouse Embryos$h[electronic resource]
=260  \\$aCambridge, MA$bMyJoVE Corp$c2016
=300  \\$aonline resource (597 seconds)
=490  0\$aBiology
=500  \\$aTitle from resource description page
=520  \\$aIsolation of postimplantation-stage embryos allows one to study gene patterning and analyze cell-lineage decision making processes during embryonic development, but proper dissection of the early embryo can be challenging. This protocol describes a method for isolating early primitive-streak-stage embryos (~6.5 days post coitum [dpc]).
=521  \\$aFor undergraduate, graduate, and professional students
=546  \\$aEnglish
=650  \0$aBiology
=856  40$uhttps://www.jove.com/video/160
=945  \\$aThe Whole World

