=LDR  00625ngm a2200000i 4500
=001  JoVEBiology159
=008  161201s2016\\\\xx\\\\\g\\\\\\s\\\\\eng\d
=035  \\$a(OCoLC)733445860
=040  \\$aVaAlASP$cVaAlASP
=100  1\$aLeBlanc,Jocelyn
=245  12$aTransplantation of Whole Kidney Marrow in Adult Zebrafish$h[electronic resource]
=260  \\$aCambridge, MA$bMyJoVE Corp$c2016
=300  \\$aonline resource (522 seconds)
=490  0\$aBiology
=500  \\$aTitle from resource description page
=520  \\$aIn this article, we demonstrate a method to perform HCT in adult zebrafish.
=521  \\$aFor undergraduate, graduate, and professional students
=546  \\$aEnglish
=650  \0$aBiology
=856  40$uhttps://www.jove.com/video/159
=945  \\$aThe Whole World

