=LDR  00793ngm a2200000i 4500
=001  JoVEBiology152
=008  161201s2016\\\\xx\\\\\g\\\\\\s\\\\\eng\d
=035  \\$a(OCoLC)733445860
=040  \\$aVaAlASP$cVaAlASP
=100  1\$aCurrle,D. Spencer
=245  12$aCulture of Mouse Neural Stem Cell Precursors$h[electronic resource]
=260  \\$aCambridge, MA$bMyJoVE Corp$c2016
=300  \\$aonline resource (1664 seconds)
=490  0\$aBiology
=500  \\$aTitle from resource description page
=520  \\$aThis video describes the method used for isolation of neuroprecursors from the developing cortex of embryonic mice.  The procedure for removing embryos from the uterus, dissecting the cortical tissue, and digesting the isolated cerebral cortex is shown.
=521  \\$aFor undergraduate, graduate, and professional students
=546  \\$aEnglish
=650  \0$aBiology
=856  40$uhttps://www.jove.com/video/152
=945  \\$aThe Whole World

