=LDR  00853ngm a2200000i 4500
=001  JoVEBiology140
=008  161201s2016\\\\xx\\\\\g\\\\\\s\\\\\eng\d
=035  \\$a(OCoLC)733445860
=040  \\$aVaAlASP$cVaAlASP
=100  1\$aPurves,Dianne C.
=245  12$aDissection of Imaginal Discs from 3rd Instar Drosophila Larvae$h[electronic resource]
=260  \\$aCambridge, MA$bMyJoVE Corp$c2016
=300  \\$aonline resource (456 seconds)
=490  0\$aBiology
=500  \\$aTitle from resource description page
=520  \\$aThis protocol demonstrates the dissection technique used for isolating imaginal discs from drosophila larvae at the 3rd instar stage.  Methods for fixing the tissue after saying and removing the wing, leg, and eye discs are demonstrated directly on a microscope slide for subsequent visualization.
=521  \\$aFor undergraduate, graduate, and professional students
=546  \\$aEnglish
=650  \0$aBiology
=856  40$uhttps://www.jove.com/video/140
=945  \\$aThe Whole World

