=LDR  01005ngm a2200000i 4500
=001  JoVEBiology135
=008  161201s2016\\\\xx\\\\\g\\\\\\s\\\\\eng\d
=035  \\$a(OCoLC)733445860
=040  \\$aVaAlASP$cVaAlASP
=100  1\$aCurrle,Spencer
=245  12$aMouse Dorsal Forebrain Explant Isolation$h[electronic resource]
=260  \\$aCambridge, MA$bMyJoVE Corp$c2016
=300  \\$aonline resource (624 seconds)
=490  0\$aBiology
=500  \\$aTitle from resource description page
=520  \\$aThis video demonstrates the protocol for isolating and culturing explants of the mouse forebrain from embyonic day 12 mice.  Procedures for removal of the uterus, embryos from uterus, and dissection of embryos are given.  In addition the methodology for transferring these explants onto specialized membranes on which they are cultured is demonstrated.  The development of the forebrain can be studied in vitro using this preparations as well as changes in gene expression.
=521  \\$aFor undergraduate, graduate, and professional students
=546  \\$aEnglish
=650  \0$aBiology
=856  40$uhttps://www.jove.com/video/135
=945  \\$aThe Whole World

