=LDR  00925ngm a2200000i 4500
=001  JoVEBiology134
=008  161201s2016\\\\xx\\\\\g\\\\\\s\\\\\eng\d
=035  \\$a(OCoLC)733445860
=040  \\$aVaAlASP$cVaAlASP
=100  1\$aCurrle,D. Spencer
=245  12$aGrowth Factor-Coated Bead Placement on Dorsal Forebrain Explants$h[electronic resource]
=260  \\$aCambridge, MA$bMyJoVE Corp$c2016
=300  \\$aonline resource (906 seconds)
=490  0\$aBiology
=500  \\$aTitle from resource description page
=520  \\$aThis video demonstrates two methods for preparing and placing beads, which have been coated with growth factor, on explants of the developing cerebral cortex.   These beads can be used to induce spatially restricted gene expression on developing neural tissue such as forebrain explants.  Methods are given for using both Affi-Gel beads and heparin acryllic beads.  
=521  \\$aFor undergraduate, graduate, and professional students
=546  \\$aEnglish
=650  \0$aBiology
=856  40$uhttps://www.jove.com/video/134
=945  \\$aThe Whole World

