=LDR  00904ngm a2200000i 4500
=001  JoVEBiology129
=008  161201s2016\\\\xx\\\\\g\\\\\\s\\\\\eng\d
=035  \\$a(OCoLC)733445860
=040  \\$aVaAlASP$cVaAlASP
=100  1\$aKolski-Andreaco,Aaron
=245  12$aMouse Adrenal Chromaffin Cell Isolation$h[electronic resource]
=260  \\$aCambridge, MA$bMyJoVE Corp$c2016
=300  \\$aonline resource (1110 seconds)
=490  0\$aBiology
=500  \\$aTitle from resource description page
=520  \\$aAdrenal medullary chromaffin cell culture systems are extremely useful for the study of excitation-secretion coupling in an in vitro setting.  This protocol illustrates the method used to dissect the adrenals and then isolate the medullary region by stripping away the adrenal cortex.  The digestion of the medulla into single chromaffin cells is then demonstrated.
=521  \\$aFor undergraduate, graduate, and professional students
=546  \\$aEnglish
=650  \0$aBiology
=856  40$uhttps://www.jove.com/video/129
=945  \\$aThe Whole World

