=LDR  00734ngm a2200000i 4500
=001  JoVEBiology127
=008  161201s2016\\\\xx\\\\\g\\\\\\s\\\\\eng\d
=035  \\$a(OCoLC)733445860
=040  \\$aVaAlASP$cVaAlASP
=100  1\$aWoo,Kevin L.
=245  12$aTesting Visual Sensitivity to the Speed and Direction of Motion in Lizards$h[electronic resource]
=260  \\$aCambridge, MA$bMyJoVE Corp$c2016
=300  \\$aonline resource (750 seconds)
=490  0\$aBiology
=500  \\$aTitle from resource description page
=520  \\$aTesting visual sensitivity in lizards using an operant conditioning paradigm that employs video playback of random-dot kinematograms and computer-generated invertebrates.
=521  \\$aFor undergraduate, graduate, and professional students
=546  \\$aEnglish
=650  \0$aBiology
=856  40$uhttps://www.jove.com/video/127
=945  \\$aThe Whole World

