=LDR  00660ngm a2200000i 4500
=001  JoVEBiology118
=008  161201s2016\\\\xx\\\\\g\\\\\\s\\\\\eng\d
=035  \\$a(OCoLC)733445860
=040  \\$aVaAlASP$cVaAlASP
=100  1\$aKarki,Shreeya
=245  12$aES Cell-derived Neuroepithelial Cell Cultures$h[electronic resource]
=260  \\$aCambridge, MA$bMyJoVE Corp$c2016
=300  \\$aonline resource (465 seconds)
=490  0\$aBiology
=500  \\$aTitle from resource description page
=520  \\$aDerivation of neuroepithelial precursors from embryonic stem (ES) cells using stromal cell-derived inducing activity (SDIA).
=521  \\$aFor undergraduate, graduate, and professional students
=546  \\$aEnglish
=650  \0$aBiology
=856  40$uhttps://www.jove.com/video/118
=945  \\$aThe Whole World

