=LDR  00840ngm a2200000i 4500
=001  JoVEBiology117
=008  161201s2016\\\\xx\\\\\g\\\\\\s\\\\\eng\d
=035  \\$a(OCoLC)733445860
=040  \\$aVaAlASP$cVaAlASP
=100  1\$aNewton,Jamila
=245  12$aMeasuring Exocytosis in Neurons Using FM Labeling$h[electronic resource]
=260  \\$aCambridge, MA$bMyJoVE Corp$c2016
=300  \\$aonline resource (416 seconds)
=490  0\$aBiology
=500  \\$aTitle from resource description page
=520  \\$aThe ability to measure the kinetics of vesicle release can help provide insight into some of the basics of neurotransmission. Here we used real-time imaging of vesicles labeled with the red fluorescent dye FM 4-64 to measure the rate of presynaptic vesicle release in hippocampal neuronal cultures.  
=521  \\$aFor undergraduate, graduate, and professional students
=546  \\$aEnglish
=650  \0$aBiology
=856  40$uhttps://www.jove.com/video/117
=945  \\$aThe Whole World

