=LDR  00599ngm a2200000i 4500
=001  JoVEBiology116
=008  161201s2016\\\\xx\\\\\g\\\\\\s\\\\\eng\d
=035  \\$a(OCoLC)733445860
=040  \\$aVaAlASP$cVaAlASP
=100  1\$aEgli,Dieter
=245  12$aNuclear Transfer into Mouse Oocytes$h[electronic resource]
=260  \\$aCambridge, MA$bMyJoVE Corp$c2016
=300  \\$aonline resource (857 seconds)
=490  0\$aBiology
=500  \\$aTitle from resource description page
=520  \\$aThis movie and the protocol are intended to help learning nuclear transfer.
=521  \\$aFor undergraduate, graduate, and professional students
=546  \\$aEnglish
=650  \0$aBiology
=856  40$uhttps://www.jove.com/video/116
=945  \\$aThe Whole World

