=LDR  00922ngm a2200000i 4500
=001  JoVEBiology115
=008  161201s2016\\\\xx\\\\\g\\\\\\s\\\\\eng\d
=035  \\$a(OCoLC)733445860
=040  \\$aVaAlASP$cVaAlASP
=100  1\$aPasquali,Matias
=245  12$aGibberella zeae Ascospore Production and Collection for Microarray Experiments.$h[electronic resource]
=260  \\$aCambridge, MA$bMyJoVE Corp$c2016
=300  \\$aonline resource (144 seconds)
=490  0\$aBiology
=500  \\$aTitle from resource description page
=520  \\$aTo study the developmental processes of ascospores in Gibberella zeae, a procedure for collection under sterile conditions is filmed in order to generate the highest level of information for protocol description. This should facilitate the reproducibility of the experiment, a crucial aspect when full genome expression profile tests are implemented.
=521  \\$aFor undergraduate, graduate, and professional students
=546  \\$aEnglish
=650  \0$aBiology
=856  40$uhttps://www.jove.com/video/115
=945  \\$aThe Whole World

