=LDR  00776ngm a2200000i 4500
=001  JoVEBiology108
=008  161201s2016\\\\xx\\\\\g\\\\\\s\\\\\eng\d
=035  \\$a(OCoLC)733445860
=040  \\$aVaAlASP$cVaAlASP
=100  1\$aEnoki,Ryosuke
=245  12$aHorizontal Slice Preparation of the Retina$h[electronic resource]
=260  \\$aCambridge, MA$bMyJoVE Corp$c2016
=300  \\$aonline resource (645 seconds)
=490  0\$aBiology
=500  \\$aTitle from resource description page
=520  \\$aTraditionally the vertical slice and the whole-mount preparation of the retina have been used to study the function of retinal circuits. Here, we describe the novel slicing method to preserve the dendritic morphology of retinal neurons intact.
=521  \\$aFor undergraduate, graduate, and professional students
=546  \\$aEnglish
=650  \0$aBiology
=856  40$uhttps://www.jove.com/video/108
=945  \\$aThe Whole World

