=LDR  00717ngm a2200000i 4500
=001  JoVEBiology104
=008  161201s2016\\\\xx\\\\\g\\\\\\s\\\\\eng\d
=035  \\$a(OCoLC)733445860
=040  \\$aVaAlASP$cVaAlASP
=100  1\$aTakao,Keizo
=245  12$aLight/dark Transition Test for Mice$h[electronic resource]
=260  \\$aCambridge, MA$bMyJoVE Corp$c2016
=300  \\$aonline resource (635 seconds)
=490  0\$aBiology
=500  \\$aTitle from resource description page
=520  \\$aThe light/dark transition test is one of the most widely used tests to measure anxiety-like behavior in mice. Here, we present a movie that shows detailed procedures on how we conduct the test.
=521  \\$aFor undergraduate, graduate, and professional students
=546  \\$aEnglish
=650  \0$aBiology
=856  40$uhttps://www.jove.com/video/104
=945  \\$aThe Whole World

