=LDR  00651ngm a2200000i 4500
=001  JoVEBiology85
=008  161201s2016\\\\xx\\\\\g\\\\\\s\\\\\eng\d
=035  \\$a(OCoLC)733445860
=040  \\$aVaAlASP$cVaAlASP
=100  1\$aHafer,Nathaniel
=245  12$aDissection of Larval CNS in Drosophila Melanogaster$h[electronic resource]
=260  \\$aCambridge, MA$bMyJoVE Corp$c2016
=300  \\$aonline resource (389 seconds)
=490  0\$aBiology
=500  \\$aTitle from resource description page
=520  \\$aIn this article we demonstrate how to dissect the central nervous system from third instar Drosophila larvae.
=521  \\$aFor undergraduate, graduate, and professional students
=546  \\$aEnglish
=650  \0$aBiology
=856  40$uhttps://www.jove.com/video/85
=945  \\$aThe Whole World

