=LDR  00711ngm a2200000i 4500
=001  JoVEBiology84
=008  161201s2016\\\\xx\\\\\g\\\\\\s\\\\\eng\d
=035  \\$a(OCoLC)733445860
=040  \\$aVaAlASP$cVaAlASP
=100  1\$aZawadzki,Karl
=245  12$aA Rapid Technique for the Visualization of Live Immobilized Yeast Cells$h[electronic resource]
=260  \\$aCambridge, MA$bMyJoVE Corp$c2016
=300  \\$aonline resource (174 seconds)
=490  0\$aBiology
=500  \\$aTitle from resource description page
=520  \\$aA rapid technique for the visualization of growing immobilized yeast cells, here applied to fluorescent reporters at the silent mating loci HML and HMR
=521  \\$aFor undergraduate, graduate, and professional students
=546  \\$aEnglish
=650  \0$aBiology
=856  40$uhttps://www.jove.com/video/84
=945  \\$aThe Whole World

