=LDR  00844ngm a2200000i 4500
=001  JoVEBiology64
=008  161201s2016\\\\xx\\\\\g\\\\\\s\\\\\eng\d
=035  \\$a(OCoLC)733445860
=040  \\$aVaAlASP$cVaAlASP
=100  1\$aGuldal,Cemile G
=245  12$aAssay for Adhesion and Agar Invasion in S. cerevisiae$h[electronic resource]
=260  \\$aCambridge, MA$bMyJoVE Corp$c2016
=300  \\$aonline resource (276 seconds)
=490  0\$aBiology
=500  \\$aTitle from resource description page
=520  \\$aWe describe a qualitative assay for yeast adhesion and agar invasion as a measure of invasive and pseudohyphal differentiation. This simple assay can be used to assess the invasive phenotype of various mutants as well as the effects environmental cues and signaling pathways on yeast differentiation.
=521  \\$aFor undergraduate, graduate, and professional students
=546  \\$aEnglish
=650  \0$aBiology
=856  40$uhttps://www.jove.com/video/64
=945  \\$aThe Whole World

