=LDR  00586ngm a2200000i 4500
=001  JoVEBiology50
=008  161201s2016\\\\xx\\\\\g\\\\\\s\\\\\eng\d
=035  \\$a(OCoLC)733445860
=040  \\$aVaAlASP$cVaAlASP
=100  1\$aTrish,Erin
=245  12$aFreezing Human ES Cells$h[electronic resource]
=260  \\$aCambridge, MA$bMyJoVE Corp$c2016
=300  \\$aonline resource (480 seconds)
=490  0\$aBiology
=500  \\$aTitle from resource description page
=520  \\$aHere we demonstrate how our lab freezes HuES human embryonic stem cell lines.
=521  \\$aFor undergraduate, graduate, and professional students
=546  \\$aEnglish
=650  \0$aBiology
=856  40$uhttps://www.jove.com/video/50
=945  \\$aThe Whole World

