=LDR  00656ngm a2200000i 4500
=001  JoVEBiology49
=008  161201s2016\\\\xx\\\\\g\\\\\\s\\\\\eng\d
=035  \\$a(OCoLC)733445860
=040  \\$aVaAlASP$cVaAlASP
=100  1\$aTrish,Erin
=245  12$aPassaging HuES Human Embryonic Stem Cell-lines with Trypsin.$h[electronic resource]
=260  \\$aCambridge, MA$bMyJoVE Corp$c2016
=300  \\$aonline resource (577 seconds)
=490  0\$aBiology
=500  \\$aTitle from resource description page
=520  \\$aIn this video we demonstrate how our lab routinely passages HuES human embryonic stem cell lines with trypsin.
=521  \\$aFor undergraduate, graduate, and professional students
=546  \\$aEnglish
=650  \0$aBiology
=856  40$uhttps://www.jove.com/video/49
=945  \\$aThe Whole World

<!DOCTYPE html PUBLIC "-//W3C//DTD XHTML 1.0 Strict//EN" "http://www.w3.org/TR/xhtml1/DTD/xhtml1-strict.dtd"><html xmlns="http://www.w3.org/1999/xhtml"><head><meta http-equiv="Content-Type" content="text/html; charset=UTF-8" /><title>JoVE Published Articles</title></head><body></body></html>